Code,Store Name,# of Customers,# of Items,Total Sales,Discount,Avg Sales per Customer,Avg Sales per Item,Date,Month,Year,Weekday,Distance from Station X(Meter),Distance from Station X(Feet),Distance from Station Y(Meter),Distance from Station Y(Feet),Distance from Main Street(Meter),Distance from Main Street(Feet),YenWonRatio,Holiday,ActualHighTemp,Outlook,Japanese Tourists
20002,Store A,289,2528,19579200,0,67748,7745,9/1/2011,9,2011,Thursday,250,820,500,1640,220,722,13.93,0,87,NA,
20002,Store A,230,2404,20031700,0,87094,8333,9/2/2011,9,2011,Friday,250,820,500,1640,220,722,13.83,0,89,NA,
20002,Store A,244,2018,20681800,0,84761,10249,9/3/2011,9,2011,Saturday,250,820,500,1640,220,722,13.83,0,87,Cloudy,
20002,Store A,230,1875,21673500,0,94233,11559,9/4/2011,9,2011,Sunday,250,820,500,1640,220,722,13.85,0,84,Cloudy,
20002,Store A,306,2327,21652200,0,70759,9305,9/5/2011,9,2011,Monday,250,820,500,1640,220,722,13.85,0,82,Sunny,
20002,Store A,300,2331,19235600,0,64119,8252,9/6/2011,9,2011,Tuesday,250,820,500,1640,220,722,13.9,0,82,Sunny,
20002,Store A,276,2791,22943500,0,83129,8221,9/7/2011,9,2011,Wednesday,250,820,500,1640,220,722,13.91,0,80,Cloudy,
20002,Store A,218,1994,17866200,0,81955,8960,9/8/2011,9,2011,Thursday,250,820,500,1640,220,722,13.86,0,77,Cloudy,
20002,Store A,205,2261,18668900,0,91068,8257,9/9/2011,9,2011,Friday,250,820,500,1640,220,722,13.87,0,69,Rainy,
20002,Store A,301,2269,21397200,0,71087,9430,9/10/2011,9,2011,Saturday,250,820,500,1640,220,722,13.88,0,78,NA,
20002,Store A,254,1922,17476400,0,68805,9093,9/11/2011,9,2011,Sunday,250,820,500,1640,220,722,13.87,0,73,Rainy,
20002,Store A,257,2131,20688600,0,80500,9708,9/12/2011,9,2011,Monday,250,820,500,1640,220,722,13.87,0,80,Cloudy,
20002,Store A,229,2047,17032300,0,74377,8321,9/13/2011,9,2011,Tuesday,250,820,500,1640,220,722,13.97,0,84,Cloudy,
20002,Store A,250,2207,17749200,0,70997,8042,9/14/2011,9,2011,Wednesday,250,820,500,1640,220,722,13.96,0,84,NA,
20002,Store A,285,2590,22187400,0,77851,8567,9/15/2011,9,2011,Thursday,250,820,500,1640,220,722,14.23,0,86,NA,
20002,Store A,249,2426,20316200,0,81591,8374,9/16/2011,9,2011,Friday,250,820,500,1640,220,722,14.47,0,87,NA,
20002,Store A,271,2496,26767100,0,98772,10724,9/17/2011,9,2011,Saturday,250,820,500,1640,220,722,14.47,1,86,NA,
20002,Store A,323,2699,24388300,0,75506,9036,9/18/2011,9,2011,Sunday,250,820,500,1640,220,722,14.45,1,78,Cloudy,
20002,Store A,341,3057,26588500,0,77972,8698,9/19/2011,9,2011,Monday,250,820,500,1640,220,722,14.44,1,66,Rainy,
20002,Store A,394,3324,32963300,0,83663,9917,9/20/2011,9,2011,Tuesday,250,820,500,1640,220,722,14.73,0,73,Sunny,
20002,Store A,304,2663,23702000,0,77967,8900,9/21/2011,9,2011,Wednesday,250,820,500,1640,220,722,14.92,0,75,Sunny,
20002,Store A,303,2271,20195900,0,66653,8893,9/22/2011,9,2011,Thursday,250,820,500,1640,220,722,15.02,0,75,Sunny,
20002,Store A,339,3216,30446500,0,89813,9467,9/23/2011,9,2011,Friday,250,820,500,1640,220,722,15.34,1,77,NA,
20002,Store A,314,3080,31013400,0,98769,10069,9/24/2011,9,2011,Saturday,250,820,500,1640,220,722,15.31,1,78,NA,
20002,Store A,322,2858,30987100,0,96233,10842,9/25/2011,9,2011,Sunday,250,820,500,1640,220,722,15.2,1,78,NA,
20002,Store A,290,2323,26454100,0,91221,11388,9/26/2011,9,2011,Monday,250,820,500,1640,220,722,15.2,0,80,NA,
20002,Store A,299,2593,22384300,0,74864,8633,9/27/2011,9,2011,Tuesday,250,820,500,1640,220,722,15.44,0,84,NA,
20002,Store A,319,3410,26972300,0,84553,7910,9/28/2011,9,2011,Wednesday,250,820,500,1640,220,722,15.33,0,75,NA,
20002,Store A,241,2284,21363400,0,88645,9354,9/29/2011,9,2011,Thursday,250,820,500,1640,220,722,15.24,0,66,Rainy,
20002,Store A,278,2050,22739400,0,81796,11092,9/30/2011,9,2011,Friday,250,820,500,1640,220,722,15.34,0,66,Sunny,
20002,Store A,260,2208,18810500,0,72348,8519,10/1/2011,10,2011,Saturday,250,820,500,1640,220,722,15.36,0,64,Sunny,
20002,Store A,251,1677,22069500,0,87926,13160,10/2/2011,10,2011,Sunday,250,820,500,1640,220,722,15.37,0,64,Sunny,
20002,Store A,204,2087,20389900,0,99950,9770,10/3/2011,10,2011,Monday,250,820,500,1640,220,722,15.4,0,68,Sunny,
20002,Store A,212,1850,17876600,0,84324,9663,10/4/2011,10,2011,Tuesday,250,820,500,1640,220,722,15.4,0,68,Sunny,
20002,Store A,241,2401,24493200,0,101632,10201,10/5/2011,10,2011,Wednesday,250,820,500,1640,220,722,15.54,0,71,Sunny,
20002,Store A,239,2219,21070600,0,88162,9496,10/6/2011,10,2011,Thursday,250,820,500,1640,220,722,15.3,0,69,NA,
20002,Store A,232,2111,21584400,0,93036,10225,10/7/2011,10,2011,Friday,250,820,500,1640,220,722,15.43,0,69,NA,
20002,Store A,257,3337,26117200,0,101623,7827,10/8/2011,10,2011,Saturday,250,820,500,1640,220,722,15.37,1,71,NA,
20002,Store A,319,3307,33720000,0,105705,10197,10/9/2011,10,2011,Sunday,250,820,500,1640,220,722,15.37,1,71,NA,
20002,Store A,268,2752,20051300,0,74818,7286,10/10/2011,10,2011,Monday,250,820,500,1640,220,722,15.3,1,69,NA,
20002,Store A,240,2040,20022300,0,83426,9815,10/11/2011,10,2011,Tuesday,250,820,500,1640,220,722,15.18,0,69,NA,
20002,Store A,264,2879,22092100,0,83682,7674,10/12/2011,10,2011,Wednesday,250,820,500,1640,220,722,15.26,0,64,NA,
20002,Store A,270,2988,22326700,0,82691,7472,10/13/2011,10,2011,Thursday,250,820,500,1640,220,722,15.18,0,73,NA,
20002,Store A,262,2027,21992000,0,83939,10850,10/14/2011,10,2011,Friday,250,820,500,1640,220,722,15.1,0,60,NA,
20002,Store A,258,2213,23537000,0,91229,10636,10/15/2011,10,2011,Saturday,250,820,500,1640,220,722,14.99,0,62,Rainy,
20002,Store A,303,3264,26935100,0,88895,8252,10/16/2011,10,2011,Sunday,250,820,500,1640,220,722,14.94,0,66,Rainy,
20002,Store A,279,2412,19602900,0,70261,8127,10/17/2011,10,2011,Monday,250,820,500,1640,220,722,14.94,0,57,Sunny,
20002,Store A,272,2145,22403000,0,82364,10444,10/18/2011,10,2011,Tuesday,250,820,500,1640,220,722,14.91,0,57,Sunny,
20002,Store A,255,2215,20214600,0,79273,9126,10/19/2011,10,2011,Wednesday,250,820,500,1640,220,722,14.93,0,68,Sunny,
20002,Store A,280,3061,22233800,0,79406,7264,10/20/2011,10,2011,Thursday,250,820,500,1640,220,722,14.81,0,69,Sunny,
20002,Store A,251,3011,23768800,0,94696,7894,10/21/2011,10,2011,Friday,250,820,500,1640,220,722,14.83,0,69,Cloudy,
20002,Store A,290,2564,24787800,0,85475,9668,10/22/2011,10,2011,Saturday,250,820,500,1640,220,722,14.93,0,71,Sunny,
20002,Store A,302,2584,26388200,0,87378,10212,10/23/2011,10,2011,Sunday,250,820,500,1640,220,722,15,0,71,NA,
20002,Store A,305,2991,26674100,0,87456,8918,10/24/2011,10,2011,Monday,250,820,500,1640,220,722,15.01,0,59,Rainy,
20002,Store A,250,2425,20676850,0,82707,8527,10/25/2011,10,2011,Tuesday,250,820,500,1640,220,722,14.94,0,53,Sunny,
20002,Store A,265,2119,16602100,0,62649,7835,10/26/2011,10,2011,Wednesday,250,820,500,1640,220,722,14.85,0,59,Sunny,
20002,Store A,261,2586,21782550,0,83458,8423,10/27/2011,10,2011,Thursday,250,820,500,1640,220,722,14.87,0,66,NA,
20002,Store A,259,1809,20207200,0,78020,11170,10/28/2011,10,2011,Friday,250,820,500,1640,220,722,14.67,0,66,NA,
20002,Store A,303,2617,21745500,0,71767,8309,10/29/2011,10,2011,Saturday,250,820,500,1640,220,722,14.56,0,59,NA,
20002,Store A,267,2546,25691850,0,96224,10091,10/30/2011,10,2011,Sunday,250,820,500,1640,220,722,14.54,0,68,NA,
20002,Store A,308,2536,24920800,0,80912,9827,10/31/2011,10,2011,Monday,250,820,500,1640,220,722,14.54,0,73,NA,
20002,Store A,239,2314,19038900,0,79661,8228,11/1/2011,11,2011,Tuesday,250,820,500,1640,220,722,14.24,0,71,NA,
20002,Store A,248,1773,17558800,0,70802,9903,11/2/2011,11,2011,Wednesday,250,820,500,1640,220,722,14.31,0,69,NA,
20002,Store A,310,2815,24197000,0,78055,8596,11/3/2011,11,2011,Thursday,250,820,500,1640,220,722,14.33,0,73,NA,
20002,Store A,307,2288,23822900,0,77599,10412,11/4/2011,11,2011,Friday,250,820,500,1640,220,722,14.42,0,73,NA,
20002,Store A,292,2380,23389900,0,80102,9828,11/5/2011,11,2011,Saturday,250,820,500,1640,220,722,14.4,0,77,Rainy,
20002,Store A,297,2306,21913300,0,73782,9503,11/6/2011,11,2011,Sunday,250,820,500,1640,220,722,14.14,0,66,Rainy,
20002,Store A,225,2027,20066250,0,89183,9899,11/7/2011,11,2011,Monday,250,820,500,1640,220,722,14.15,0,64,Cloudy,
20002,Store A,242,2355,22752700,0,94019,9661,11/8/2011,11,2011,Tuesday,250,820,500,1640,220,722,14.25,0,64,NA,
20002,Store A,268,2406,21058800,0,78578,8753,11/9/2011,11,2011,Wednesday,250,820,500,1640,220,722,14.32,0,64,Cloudy,
20002,Store A,259,2645,24349800,0,94015,9206,11/10/2011,11,2011,Thursday,250,820,500,1640,220,722,14.37,0,62,Rainy,
20002,Store A,268,2806,25723500,0,95983,9167,11/11/2011,11,2011,Friday,250,820,500,1640,220,722,14.52,0,57,Rainy,
20002,Store A,327,2909,28300900,0,86547,9729,11/12/2011,11,2011,Saturday,250,820,500,1640,220,722,14.56,0,60,Sunny,
20002,Store A,280,2776,27160900,0,97003,9784,11/13/2011,11,2011,Sunday,250,820,500,1640,220,722,14.61,0,60,NA,
20002,Store A,246,2858,26717500,0,108608,9348,11/14/2011,11,2011,Monday,250,820,500,1640,220,722,14.6,0,50,Sunny,
20002,Store A,215,2146,18666100,0,86819,8698,11/15/2011,11,2011,Tuesday,250,820,500,1640,220,722,14.59,0,51,Sunny,
20002,Store A,237,2174,20198500,0,85226,9291,11/16/2011,11,2011,Wednesday,250,820,500,1640,220,722,14.62,0,59,NA,
20002,Store A,238,2351,20840000,0,87563,8864,11/17/2011,11,2011,Thursday,250,820,500,1640,220,722,14.71,0,62,NA,
20002,Store A,281,3172,24330700,0,86586,7670,11/18/2011,11,2011,Friday,250,820,500,1640,220,722,14.73,0,62,Rainy,
20002,Store A,326,3124,28063100,0,86083,8983,11/19/2011,11,2011,Saturday,250,820,500,1640,220,722,14.79,0,60,Cloudy,
20002,Store A,354,3385,37116800,0,104850,10965,11/20/2011,11,2011,Sunday,250,820,500,1640,220,722,14.79,0,39,Sunny,
20002,Store A,298,2801,27601200,0,92621,9854,11/21/2011,11,2011,Monday,250,820,500,1640,220,722,14.79,0,42,Sunny,
20002,Store A,301,2588,22273700,0,73999,8607,11/22/2011,11,2011,Tuesday,250,820,500,1640,220,722,14.84,0,48,NA,
20002,Store A,252,2776,24143200,0,95806,8697,11/23/2011,11,2011,Wednesday,250,820,500,1640,220,722,14.87,0,46,Rainy,
20002,Store A,310,3358,32243600,0,104012,9602,11/24/2011,11,2011,Thursday,250,820,500,1640,220,722,14.94,0,35,Sunny,
20002,Store A,350,3009,25227300,0,72078,8384,11/25/2011,11,2011,Friday,250,820,500,1640,220,722,15,0,42,Snowy,
20002,Store A,361,2873,30316150,0,83978,10552,11/26/2011,11,2011,Saturday,250,820,500,1640,220,722,14.98,0,53,NA,
20002,Store A,312,2986,28688200,0,91949,9608,11/27/2011,11,2011,Sunday,250,820,500,1640,220,722,14.88,0,60,Cloudy,
20002,Store A,375,2938,31782000,0,84752,10818,11/28/2011,11,2011,Monday,250,820,500,1640,220,722,14.92,0,61,Rainy,
20002,Store A,309,3247,27168900,0,87925,8367,11/29/2011,11,2011,Tuesday,250,820,500,1640,220,722,14.82,0,56,Rainy,
20002,Store A,215,2135,17370400,0,80793,8136,11/30/2011,11,2011,Wednesday,250,820,500,1640,220,722,14.57,0,48,Rainy,
20002,Store A,249,2358,21100800,0,84742,8949,12/1/2011,12,2011,Thursday,250,820,500,1640,220,722,14.65,0,50,Rainy,
20002,Store A,241,3028,20166600,0,83679,6660,12/2/2011,12,2011,Friday,250,820,500,1640,220,722,14.56,0,46,Cloudy,
20002,Store A,302,2404,26236350,0,86875,10914,12/3/2011,12,2011,Saturday,250,820,500,1640,220,722,14.49,0,48,Rainy,
20002,Store A,322,3039,28508500,0,88536,9381,12/4/2011,12,2011,Sunday,250,820,500,1640,220,722,14.37,0,42,Sunny,
20002,Store A,242,2827,21302900,0,88029,7536,12/5/2011,12,2011,Monday,250,820,500,1640,220,722,14.35,0,41,Sunny,
20002,Store A,279,4664,22476550,0,80561,4819,12/6/2011,12,2011,Tuesday,250,820,500,1640,220,722,14.44,0,44,Cloudy,
20002,Store A,230,2356,21027700,0,91425,8925,12/7/2011,12,2011,Wednesday,250,820,500,1640,220,722,14.52,0,44,Cloudy,
20002,Store A,221,1858,20285500,0,91790,10918,12/8/2011,12,2011,Thursday,250,820,500,1640,220,722,14.5,0,41,Cloudy,
20002,Store A,296,3476,36245100,0,122450,10427,12/9/2011,12,2011,Friday,250,820,500,1640,220,722,14.56,0,35,Snowy,
20002,Store A,362,3184,37498950,0,103588,11777,12/10/2011,12,2011,Saturday,250,820,500,1640,220,722,14.68,0,35,Snowy,
20002,Store A,392,4155,40090300,0,102271,9649,12/11/2011,12,2011,Sunday,250,820,500,1640,220,722,14.75,0,44,Rainy,
20002,Store A,297,3176,30938250,0,104169,9741,12/12/2011,12,2011,Monday,250,820,500,1640,220,722,14.74,0,45,NA,
20002,Store A,256,1898,21725850,0,84867,11447,12/13/2011,12,2011,Tuesday,250,820,500,1640,220,722,14.74,0,43,Sunny,
20002,Store A,245,2212,22502100,0,91845,10173,12/14/2011,12,2011,Wednesday,250,820,500,1640,220,722,14.72,0,47,Rainy,
20002,Store A,250,1678,21598300,0,86393,12871,12/15/2011,12,2011,Thursday,250,820,500,1640,220,722,14.86,0,32,Sunny,
20002,Store A,288,2731,25818300,0,89647,9454,12/16/2011,12,2011,Friday,250,820,500,1640,220,722,14.84,0,25,Sunny,
20002,Store A,338,2960,32587650,0,96413,11009,12/17/2011,12,2011,Saturday,250,820,500,1640,220,722,14.85,0,32,Cloudy,
20002,Store A,290,2350,22545100,0,77742,9594,12/18/2011,12,2011,Sunday,250,820,500,1640,220,722,14.85,0,35,NA,
20002,Store A,223,2248,21557400,0,96670,9590,12/19/2011,12,2011,Monday,250,820,500,1640,220,722,14.85,0,37,Cloudy,
20002,Store A,242,1589,17571000,0,72607,11058,12/20/2011,12,2011,Tuesday,250,820,500,1640,220,722,14.99,0,40,Rainy,
20002,Store A,206,1866,17300500,0,83983,9271,12/21/2011,12,2011,Wednesday,250,820,500,1640,220,722,14.95,0,43,Snowy,
20002,Store A,272,1834,23025400,0,84652,12555,12/22/2011,12,2011,Thursday,250,820,500,1640,220,722,14.78,0,36,Sunny,
20002,Store A,272,2270,28391300,0,104380,12507,12/23/2011,12,2011,Friday,250,820,500,1640,220,722,14.75,1,33,Snowy,
20002,Store A,237,2249,24694300,0,104195,10980,12/24/2011,12,2011,Saturday,250,820,500,1640,220,722,14.72,1,27,Snowy,
20002,Store A,201,1437,15085400,0,75052,10498,12/25/2011,12,2011,Sunday,250,820,500,1640,220,722,14.69,1,25,Sunny,
20002,Store A,189,1917,22239400,0,117669,11601,12/26/2011,12,2011,Monday,250,820,500,1640,220,722,14.69,0,25,Sunny,
20002,Store A,262,1866,21175800,0,80824,11348,12/27/2011,12,2011,Tuesday,250,820,500,1640,220,722,14.7,0,32,Cloudy,
20002,Store A,280,2793,27703000,0,98939,9919,12/28/2011,12,2011,Wednesday,250,820,500,1640,220,722,14.79,0,37,NA,
20002,Store A,295,2536,32005550,0,108493,12620,12/29/2011,12,2011,Thursday,250,820,500,1640,220,722,14.85,0,33,NA,
20002,Store A,275,2541,25128200,0,91375,9889,12/30/2011,12,2011,Friday,250,820,500,1640,220,722,14.85,0,33,NA,
20002,Store A,300,2289,36917700,0,123059,16128,12/31/2011,12,2011,Saturday,250,820,500,1640,220,722,14.95,0,35,NA,
20002,Store A,258,1894,23019400,0,89222,12154,1/1/2012,1,2012,Monday,250,820,500,1640,220,722,15.07,0,32,Snowy,
20002,Store A,250,2092,26623950,0,106496,12727,1/2/2012,1,2012,Tuesday,250,820,500,1640,220,722,15.07,0,30,NA,
20002,Store A,252,2418,25993700,0,103150,10750,1/3/2012,1,2012,Wednesday,250,820,500,1640,220,722,15.02,0,33,Snowy,
20002,Store A,262,2199,23071950,0,88061,10492,1/4/2012,1,2012,Thursday,250,820,500,1640,220,722,14.95,0,26,NA,
20002,Store A,275,2414,22064850,0,80236,9140,1/5/2012,1,2012,Friday,250,820,500,1640,220,722,14.95,0,30,Sunny,
20002,Store A,230,1607,20017700,0,87033,12457,1/6/2012,1,2012,Saturday,250,820,500,1640,220,722,14.98,0,33,Snowy,
20002,Store A,256,1883,22345600,0,87288,11867,1/7/2012,1,2012,Sunday,250,820,500,1640,220,722,15.01,1,33,NA,
20002,Store A,295,2506,24438500,0,82842,9752,1/8/2012,1,2012,Monday,250,820,500,1640,220,722,15.06,1,33,NA,
20002,Store A,189,1557,13538300,0,71631,8695,1/9/2012,1,2012,Tuesday,250,820,500,1640,220,722,15.07,1,35,NA,
20002,Store A,198,2045,22096000,0,111596,10805,1/10/2012,1,2012,Wednesday,250,820,500,1640,220,722,15.09,0,35,NA,
20002,Store A,205,1515,21569400,0,105217,14237,1/11/2012,1,2012,Thursday,250,820,500,1640,220,722,15.03,0,28,Sunny,
20002,Store A,190,1537,20405500,0,107397,13276,1/12/2012,1,2012,Friday,250,820,500,1640,220,722,15.05,0,32,Snowy,
20002,Store A,210,2087,26788200,283500,127563,12836,1/13/2012,1,2012,Saturday,250,820,500,1640,220,722,15.02,0,37,NA,
20002,Store A,267,2152,27467300,30600,102874,12764,1/14/2012,1,2012,Sunday,250,820,500,1640,220,722,14.96,0,37,NA,
20002,Store A,253,2322,24262000,143400,95897,10449,1/15/2012,1,2012,Monday,250,820,500,1640,220,722,14.94,0,32,Sunny,
20002,Store A,229,2000,20101700,0,87780,10051,1/16/2012,1,2012,Tuesday,250,820,500,1640,220,722,14.94,0,44,NA,
20002,Store A,242,1943,21950600,0,90705,11297,1/17/2012,1,2012,Wednesday,250,820,500,1640,220,722,15,0,44,Sunny,
20002,Store A,196,1397,18709250,0,95455,13392,1/18/2012,1,2012,Thursday,250,820,500,1640,220,722,14.91,0,39,NA,
20002,Store A,156,1223,15615500,0,100099,12768,1/19/2012,1,2012,Friday,250,820,500,1640,220,722,14.84,0,44,Rainy,
20002,Store A,176,1240,17228600,0,97890,13894,1/20/2012,1,2012,Saturday,250,820,500,1640,220,722,14.76,0,46,Rainy,
20002,Store A,194,2477,18101700,0,93308,7308,1/21/2012,1,2012,Saturday,250,820,500,1640,220,722,14.68,0,42,NA,
20002,Store A,137,954,10015200,0,73104,10498,1/22/2012,1,2012,Sunday,250,820,500,1640,220,722,14.7,0,24,NA,
20002,Store A,116,817,11652400,0,100452,14262,1/23/2012,1,2012,Monday,250,820,500,1640,220,722,14.7,0,23,Sunny,
20002,Store A,128,1003,10113900,0,79015,10084,1/24/2012,1,2012,Tuesday,250,820,500,1640,220,722,14.7,0,28,Snowy,
20002,Store A,135,1018,10935100,0,81001,10742,1/25/2012,1,2012,Wednesday,250,820,500,1640,220,722,14.58,0,24,Sunny,
20002,Store A,186,1449,16334000,0,87817,11273,1/26/2012,1,2012,Thursday,250,820,500,1640,220,722,14.47,0,38,Snowy,
20002,Store A,243,2211,23716200,0,97598,10726,1/27/2012,1,2012,Friday,250,820,500,1640,220,722,14.43,0,41,NA,
20002,Store A,280,2620,27025550,0,96520,10315,1/28/2012,1,2012,Saturday,250,820,500,1640,220,722,14.56,0,37,Sunny,
20002,Store A,243,1410,18445100,0,75906,13082,1/29/2012,1,2012,Sunday,250,820,500,1640,220,722,14.57,0,37,Sunny,
20002,Store A,284,1943,20180050,0,71057,10386,1/30/2012,1,2012,Monday,250,820,500,1640,220,722,14.58,0,29,Sunny,
20002,Store A,198,1205,14719700,0,74342,12216,1/31/2012,1,2012,Tuesday,250,820,500,1640,220,722,14.68,0,29,Snowy,
20002,Store A,242,2752,21726050,0,89777,7895,2/1/2012,2,2012,Wednesday,250,820,500,1640,220,722,14.71,0,20,Sunny,3168
20002,Store A,246,2202,21019300,0,85444,9546,2/2/2012,2,2012,Thursday,250,820,500,1640,220,722,14.75,0,16,Sunny,2743
20002,Store A,268,2151,22036800,0,82227,10245,2/3/2012,2,2012,Friday,250,820,500,1640,220,722,14.71,0,30,Snowy,2841
20002,Store A,302,2374,20776900,52500,68798,8752,2/4/2012,2,2012,Saturday,250,820,500,1640,220,722,14.63,0,35,NA,4267
20002,Store A,331,2485,22610900,0,68311,9099,2/5/2012,2,2012,Sunday,250,820,500,1640,220,722,14.51,0,40,Sunny,4626
20002,Store A,347,2542,25588200,0,73741,10066,2/6/2012,2,2012,Monday,250,820,500,1640,220,722,14.55,0,42,NA,4069
20002,Store A,296,2071,20058500,0,67765,9685,2/7/2012,2,2012,Tuesday,250,820,500,1640,220,722,14.6,0,32,Sunny,
20002,Store A,276,1744,16158100,0,58544,9265,2/8/2012,2,2012,Wednesday,250,820,500,1640,220,722,14.57,0,25,Snowy,
20002,Store A,270,2270,18520200,0,68593,8159,2/9/2012,2,2012,Thursday,250,820,500,1640,220,722,14.48,0,34,Snowy,
20002,Store A,235,1864,17523500,0,74568,9401,2/10/2012,2,2012,Friday,250,820,500,1640,220,722,14.44,0,36,Sunny,
20002,Store A,303,2289,31105800,0,102659,13589,2/11/2012,2,2012,Saturday,250,820,500,1640,220,722,14.44,0,34,Sunny,
20002,Store A,282,2474,22599300,0,80139,9135,2/12/2012,2,2012,Sunday,250,820,500,1640,220,722,14.46,0,40,Sunny,
20002,Store A,291,2293,23127950,0,79477,10086,2/13/2012,2,2012,Monday,250,820,500,1640,220,722,14.45,0,46,NA,
20002,Store A,282,1732,14138800,0,50138,8163,2/14/2012,2,2012,Tuesday,250,820,500,1640,220,722,14.42,0,45,NA,3819
20002,Store A,313,2359,23336150,0,74556,9892,2/15/2012,2,2012,Wednesday,250,820,500,1640,220,722,14.41,0,36,NA,4064
20002,Store A,341,2716,22325750,0,65471,8220,2/16/2012,2,2012,Thursday,250,820,500,1640,220,722,14.31,0,36,Sunny,3569
20002,Store A,371,2816,23550000,85100,63477,8363,2/17/2012,2,2012,Friday,250,820,500,1640,220,722,14.35,0,28,Sunny,4248
20002,Store A,319,2470,22717900,93700,71216,9198,2/18/2012,2,2012,Saturday,250,820,500,1640,220,722,14.2,0,27,Sunny,5102
20002,Store A,377,3082,28816400,12600,76436,9350,2/19/2012,2,2012,Sunday,250,820,500,1640,220,722,14.14,0,34,Sunny,4951
20002,Store A,356,2498,22772500,0,63968,9116,2/20/2012,2,2012,Monday,250,820,500,1640,220,722,14.13,0,41,Sunny,4836
20002,Store A,300,2166,16774000,0,55913,7744,2/21/2012,2,2012,Tuesday,250,820,500,1640,220,722,14.09,0,42,NA,4671
20002,Store A,386,2583,25328550,0,65618,9806,2/22/2012,2,2012,Wednesday,250,820,500,1640,220,722,14.09,0,54,NA,4664
20002,Store A,329,2870,24590100,0,74742,8568,2/23/2012,2,2012,Thursday,250,820,500,1640,220,722,14.06,0,46,NA,3936
20002,Store A,317,2622,24038250,0,75830,9168,2/24/2012,2,2012,Friday,250,820,500,1640,220,722,14.06,0,50,NA,3606
20002,Store A,313,2501,27462201,0,87739,10980,2/25/2012,2,2012,Saturday,250,820,500,1640,220,722,13.98,0,41,Cloudy,4788
20002,Store A,301,2744,25335300,0,84170,9233,2/26/2012,2,2012,Sunday,250,820,500,1640,220,722,13.83,0,37,Sunny,4457
20002,Store A,303,2611,20267600,0,66890,7762,2/27/2012,2,2012,Monday,250,820,500,1640,220,722,13.83,0,41,Sunny,3879
20002,Store A,241,2061,15505300,0,64337,7523,2/28/2012,2,2012,Tuesday,250,820,500,1640,220,722,13.93,0,44,Sunny,3430
20002,Store A,308,2065,21245250,0,68978,10288,2/29/2012,2,2012,Wednesday,250,820,500,1640,220,722,13.98,0,50,Sunny,3361
20002,Store A,278,1829,16770380,52620,60325,9169,3/1/2012,3,2012,Thursday,250,820,500,1640,220,722,13.89,0,57,Cloudy,3009
20002,Store A,251,2069,21385300,8400,85200,10336,3/2/2012,3,2012,Friday,250,820,500,1640,220,722,13.77,0,50,NA,4040
20002,Store A,274,2261,26126430,160770,95352,11555,3/3/2012,3,2012,Saturday,250,820,500,1640,220,722,13.68,0,53,Sunny,4889
20002,Store A,285,2355,20380150,6750,71509,8654,3/4/2012,3,2012,Sunday,250,820,500,1640,220,722,13.61,0,50,Rainy,4024
20002,Store A,306,2120,24438250,223900,79864,11527,3/5/2012,3,2012,Monday,250,820,500,1640,220,722,13.46,0,48,Rainy,4107
20002,Store A,291,1797,16175250,44800,55585,9001,3/6/2012,3,2012,Tuesday,250,820,500,1640,220,722,13.6,0,41,Rainy,4140
20002,Store A,251,1961,18186600,2700,72457,9274,3/7/2012,3,2012,Wednesday,250,820,500,1640,220,722,13.82,0,42,Sunny,4188
20002,Store A,245,2536,21257380,863220,86765,8382,3/8/2012,3,2012,Thursday,250,820,500,1640,220,722,13.89,0,42,NA,3277
20002,Store A,381,3329,23149860,6097640,60761,6954,3/9/2012,3,2012,Friday,250,820,500,1640,220,722,13.72,0,46,NA,3962
20002,Store A,417,3776,27517481,6908570,65989,7287,3/10/2012,3,2012,Saturday,250,820,500,1640,220,722,13.62,0,46,Sunny,5026
20002,Store A,430,4507,34562260,9632940,80377,7669,3/11/2012,3,2012,Sunday,250,820,500,1640,220,722,13.52,0,35,Snowy,5226
20002,Store A,276,2253,24046300,0,87124,10673,3/12/2012,3,2012,Monday,250,820,500,1640,220,722,13.52,0,37,Sunny,5063
20002,Store A,273,1748,15096200,0,55297,8636,3/13/2012,3,2012,Tuesday,250,820,500,1640,220,722,13.62,0,44,NA,4473
20002,Store A,289,2340,23777300,0,82274,10161,3/14/2012,3,2012,Wednesday,250,820,500,1640,220,722,13.6,0,42,NA,4195
20002,Store A,283,2238,23513500,0,83087,10506,3/15/2012,3,2012,Thursday,250,820,500,1640,220,722,13.51,0,53,Sunny,3707
20002,Store A,254,2046,21516250,0,84710,10516,3/16/2012,3,2012,Friday,250,820,500,1640,220,722,13.46,0,55,Rainy,3737
20488,Store A,212,1897,16368100,3180,77208,8628,6/19/2012,6,2012,Tuesday,250,820,500,1640,220,722,14.49,0,91,Sunny,3263
20488,Store A,190,1301,16116100,107100,84822,12387,6/20/2012,6,2012,Wednesday,250,820,500,1640,220,722,14.62,0,87,rainy,3080
20488,Store A,239,2063,17300500,34000,72387,8386,6/21/2012,6,2012,Thursday,250,820,500,1640,220,722,14.55,0,87,Sunny,3778
20488,Store A,291,2530,25429600,54100,87387,10051,6/22/2012,6,2012,Friday,250,820,500,1640,220,722,14.42,0,82,Sunny,4749
20488,Store A,336,2637,26383400,79700,78522,10005,6/23/2012,6,2012,Saturday,250,820,500,1640,220,722,14.39,0,86,rainy,4329
20488,Store A,358,3039,32150900,61000,89807,10579,6/24/2012,6,2012,Sunday,250,820,500,1640,220,722,14.17,0,91,Sunny,4265
20488,Store A,208,1342,17191400,21900,82651,12810,6/25/2012,6,2012,Monday,250,820,500,1640,220,722,14.38,0,89,Sunny,2809
20488,Store A,240,1908,19873600,183500,82807,10416,6/26/2012,6,2012,Tuesday,250,820,500,1640,220,722,14.51,0,87,Sunny,3714
20488,Store A,227,1487,19250500,94500,84804,12946,6/27/2012,6,2012,Wednesday,250,820,500,1640,220,722,14.56,0,86,Sunny,3400
20488,Store A,260,1653,20243000,102900,77858,12246,6/28/2012,6,2012,Thursday,250,820,500,1640,220,722,14.52,0,84,Sunny,3244
20488,Store A,258,2325,24782100,36900,96055,10659,6/29/2012,6,2012,Friday,250,820,500,1640,220,722,14.53,0,87,rainy,3721
20488,Store A,334,2454,30796400,56700,92205,12549,6/30/2012,6,2012,Saturday,250,820,500,1640,220,722,14.54,0,75,rainy,4313
20488,Store A,359,2800,33946200,48400,94558,12124,7/1/2012,7,2012,Sunday,250,820,500,1640,220,722,14.15,0,77,cloudy,4848
20488,Store A,235,2059,23179300,52400,98635,11258,7/2/2012,7,2012,Monday,250,820,500,1640,220,722,13.95,0,84,cloudy,3055
20488,Store A,199,1272,16402600,29300,82425,12895,7/3/2012,7,2012,Tuesday,250,820,500,1640,220,722,14.21,0,78,rainy,3535
20488,Store A,185,1254,19309600,49500,104376,15398,7/4/2012,7,2012,Wednesday,250,820,500,1640,220,722,14.25,0,78,cloudy,3549
20488,Store A,182,1510,19162200,54400,105287,12690,7/5/2012,7,2012,Thursday,250,820,500,1640,220,722,14.22,0,77,rainy,3665
20488,Store A,293,3679,23360600,5839400,79729,6350,7/6/2012,7,2012,Friday,250,820,500,1640,220,722,14.2,0,73,rainy,4466
20488,Store A,363,3894,31581910,5773290,87003,8110,7/7/2012,7,2012,Saturday,250,820,500,1640,220,722,14.25,0,86,Sunny,5122
20488,Store A,399,4300,29594900,7430600,74173,6883,7/8/2012,7,2012,Sunday,250,820,500,1640,220,722,14.23,0,86,Sunny,5051
20488,Store A,232,1639,26001100,22300,112074,15864,7/9/2012,7,2012,Monday,250,820,500,1640,220,722,14.11,0,87,cloudy,3463
20488,Store A,243,1806,18327900,93700,75423,10148,7/10/2012,7,2012,Tuesday,250,820,500,1640,220,722,14.24,0,84,rainy,3337
20488,Store A,248,1898,22389200,51600,90279,11796,7/11/2012,7,2012,Wednesday,250,820,500,1640,220,722,14.36,0,78,rainy,3700
20488,Store A,239,1651,17148200,2050,71750,10387,7/12/2012,7,2012,Thursday,250,820,500,1640,220,722,14.36,0,82,rainy,3084
20488,Store A,247,1959,24195850,70300,97959,12351,7/13/2012,7,2012,Friday,250,820,500,1640,220,722,14.47,0,84,rainy,3159
20488,Store A,285,2760,32273300,115300,113240,11693,7/14/2012,7,2012,Saturday,250,820,500,1640,220,722,14.5,1,78,rainy,4462
20488,Store A,299,2793,37237100,51400,124539,13332,7/15/2012,7,2012,Sunday,250,820,500,1640,220,722,14.3,1,69,rainy,2858
20488,Store A,200,1594,25748100,25000,128741,16153,7/16/2012,7,2012,Monday,250,820,500,1640,220,722,14.13,1,77,rainy,2008
20488,Store A,155,1364,15298800,106000,98702,11216,7/17/2012,7,2012,Tuesday,250,820,500,1640,220,722,14.38,0,86,rainy,1853
20488,Store A,131,855,13122600,29500,100173,15348,7/18/2012,7,2012,Wednesday,250,820,500,1640,220,722,14.47,0,84,rainy,1731
20488,Store A,115,851,13151100,15500,114357,15454,7/19/2012,7,2012,Thursday,250,820,500,1640,220,722,14.45,0,80,rainy,2041
20488,Store A,177,1586,19160600,52800,108252,12081,7/20/2012,7,2012,Friday,250,820,500,1640,220,722,14.47,0,84,Sunny,2676
20488,Store A,200,1903,25000300,42300,125002,13137,7/21/2012,7,2012,Saturday,250,820,500,1640,220,722,14.51,0,87,Sunny,3667
20488,Store A,241,1918,27728900,141600,115058,14457,7/22/2012,7,2012,Sunday,250,820,500,1640,220,722,14.5,0,87,rainy,3563
20488,Store A,221,1643,23132200,-51700,104671,14079,7/23/2012,7,2012,Monday,250,820,500,1640,220,722,14.54,0,87,Cloudy,2454
20488,Store A,175,1550,16405500,6800,93746,10584,7/24/2012,7,2012,Tuesday,250,820,500,1640,220,722,14.65,0,87,Cloudy,2571
20488,Store A,156,1158,14362800,5900,92069,12403,7/25/2012,7,2012,Wednesday,250,820,500,1640,220,722,14.66,0,87,Sunny,3201
20488,Store A,170,1236,13024300,64100,76614,10537,7/26/2012,7,2012,Thursday,250,820,500,1640,220,722,14.69,0,87,Cloudy,3016
20488,Store A,181,1333,18463900,22700,102010,13851,7/27/2012,7,2012,Friday,250,820,500,1640,220,722,14.66,0,89,Sunny,2869
20488,Store A,216,1921,24523600,72100,113535,12766,7/28/2012,7,2012,Saturday,250,820,500,1640,220,722,14.54,0,89,Sunny,3176
20488,Store A,219,1645,28626400,12800,130714,17402,7/29/2012,7,2012,Sunday,250,820,500,1640,220,722,14.5,0,91,Sunny,3500
20488,Store A,193,2112,18450550,74400,95599,8736,7/30/2012,7,2012,Monday,250,820,500,1640,220,722,14.33,0,87,Rainy,2198
20488,Store A,183,1381,18414500,37000,100626,13334,7/31/2012,7,2012,Tuesday,250,820,500,1640,220,722,14.41,0,89,Sunny,2627
20488,Store A,190,1675,18115300,34700,95344,10815,8/1/2012,8,2012,Wednesday,250,820,500,1640,220,722,14.46,0,95,Cloudy,2957
20488,Store A,199,1586,16578300,58500,83308,10453,8/2/2012,8,2012,Thursday,250,820,500,1640,220,722,14.41,0,96,Sunny,2781
20488,Store A,211,1561,21738700,62300,103027,13926,8/3/2012,8,2012,Friday,250,820,500,1640,220,722,14.42,0,96,Sunny,2028
20488,Store A,185,1545,20019000,56200,108211,12957,8/4/2012,8,2012,Saturday,250,820,500,1640,220,722,14.46,0,96,Sunny,2168
20488,Store A,170,1509,23137900,70900,136105,15333,8/5/2012,8,2012,Sunday,250,820,500,1640,220,722,14.33,0,96,Sunny,2730
20488,Store A,180,1285,16508700,56500,91715,12847,8/6/2012,8,2012,Monday,250,820,500,1640,220,722,14.03,0,95,Sunny,2515
20488,Store A,184,1277,16590400,7000,90165,12992,8/7/2012,8,2012,Tuesday,250,820,500,1640,220,722,14.25,0,95,Rainy,3106
20488,Store A,188,1797,20796900,6300,110622,11573,8/8/2012,8,2012,Wednesday,250,820,500,1640,220,722,14.36,0,93,Sunny,2987
20488,Store A,212,1897,18481100,6900,87175,9742,8/9/2012,8,2012,Thursday,250,820,500,1640,220,722,14.37,0,95,Sunny,2966
20488,Store A,220,1732,23119300,19600,105088,13348,8/10/2012,8,2012,Friday,250,820,500,1640,220,722,14.34,0,84,Rainy,2275
20488,Store A,249,1843,24873100,33500,99892,13496,8/11/2012,8,2012,Saturday,250,820,500,1640,220,722,14.41,0,87,Cloudy,3664
20488,Store A,243,2261,31613500,4200,130097,13982,8/12/2012,8,2012,Sunday,250,820,500,1640,220,722,14.43,0,82,Rainy,4893
20488,Store A,290,1867,31011200,13800,106935,16610,8/13/2012,8,2012,Monday,250,820,500,1640,220,722,14.44,0,91,Rainy,3643
20488,Store A,249,2132,25327800,43600,101718,11880,8/14/2012,8,2012,Tuesday,250,820,500,1640,220,722,14.41,0,87,Rainy,3521
20488,Store A,257,2258,26228800,32600,102058,11616,8/15/2012,8,2012,Wednesday,250,820,500,1640,220,722,14.38,0,80,Rainy,4631
20488,Store A,281,2143,29846500,157000,106215,13927,8/16/2012,8,2012,Thursday,250,820,500,1640,220,722,14.36,0,84,Sunny,4406
20488,Store A,391,3537,34643710,5402390,88603,9795,8/17/2012,8,2012,Friday,250,820,500,1640,220,722,14.3,0,89,Cloudy,3618
20488,Store A,331,3094,26467720,4709580,79963,8555,8/18/2012,8,2012,Saturday,250,820,500,1640,220,722,14.28,0,84,Rainy,3769
20488,Store A,428,4427,33810780,6762520,78997,7637,8/19/2012,8,2012,Sunday,250,820,500,1640,220,722,14.26,0,87,Rainy,4768
20488,Store A,223,1623,20975200,4500,94059,12924,8/20/2012,8,2012,Monday,250,820,500,1640,220,722,14.26,0,80,Rainy,4178
20488,Store A,260,1819,23257400,0,89452,12786,8/21/2012,8,2012,Tuesday,250,820,500,1640,220,722,14.27,0,84,Rainy,3626
20488,Store A,262,2654,27100600,20700,103437,10211,8/22/2012,8,2012,Wednesday,250,820,500,1640,220,722,14.23,0,75,Rainy,3295
20488,Store A,244,2040,25532300,8100,104641,12516,8/23/2012,8,2012,Thursday,250,820,500,1640,220,722,14.24,0,78,Cloudy,3133
20488,Store A,220,1295,17024000,4500,77382,13146,8/24/2012,8,2012,Friday,250,820,500,1640,220,722,14.39,0,80,Rainy,2765
20488,Store A,252,2076,29329900,3600,116388,14128,8/25/2012,8,2012,Saturday,250,820,500,1640,220,722,14.42,0,84,Rainy,3594
20488,Store A,288,2435,27935400,-70700,96998,11472,8/26/2012,8,2012,Sunday,250,820,500,1640,220,722,14.3,0,89,Cloudy,6488
20488,Store A,280,2416,30946700,6300,110524,12809,8/27/2012,8,2012,Monday,250,820,500,1640,220,722,14.12,0,91,Cloudy,5387
20488,Store A,235,1744,20500500,3600,87236,11755,8/28/2012,8,2012,Tuesday,250,820,500,1640,220,722,14.3,0,84,Rainy,4533
20488,Store A,308,2965,31877600,25900,103499,10751,8/29/2012,8,2012,Wednesday,250,820,500,1640,220,722,14.44,0,84,Rainy,4436
20488,Store A,206,1566,21011100,-10070,101996,13417,8/30/2012,8,2012,Thursday,250,820,500,1640,220,722,14.42,0,75,Rainy,3997
20488,Store A,265,1876,26343200,0,99408,14042,8/31/2012,8,2012,Friday,250,820,500,1640,220,722,14.41,0,82,Sunny,2718
20488,Store A,269,2305,29344000,6900,109086,12731,9/1/2012,9,2012,Saturday,250,820,500,1640,220,722,14.44,0,82,Sunny,3543
20488,Store A,273,1928,22625900,11700,82879,11735,9/2/2012,9,2012,Sunday,250,820,500,1640,220,722,14.4,0,84,Sunny,5250
20488,Store A,305,2227,25932600,0,85025,11645,9/3/2012,9,2012,Monday,250,820,500,1640,220,722,14.44,0,82,Sunny,4036
20488,Store A,186,1631,17074900,0,91801,10469,9/4/2012,9,2012,Tuesday,250,820,500,1640,220,722,14.45,0,73,Rainy,3686
20488,Store A,268,1992,25243800,-26100,94193,12673,9/5/2012,9,2012,Wednesday,250,820,500,1640,220,722,14.44,0,77,Rainy,6226
20488,Store A,261,1878,21128500,0,80952,11251,9/6/2012,9,2012,Thursday,250,820,500,1640,220,722,14.47,0,78,Sunny,3448
20488,Store A,301,2849,24160020,5795280,80266,8480,9/7/2012,9,2012,Friday,250,820,500,1640,220,722,14.42,0,80,Cloudy,4374
20488,Store A,306,2735,26508550,6419500,86629,9692,9/8/2012,9,2012,Saturday,250,820,500,1640,220,722,14.35,0,73,Rainy,4886
20488,Store A,299,2977,29085010,6450690,97274,9770,9/9/2012,9,2012,Sunday,250,820,500,1640,220,722,14.28,0,77,Cloudy,4923
20488,Store A,270,2093,22198000,-100,82215,10606,9/10/2012,9,2012,Monday,250,820,500,1640,220,722,14,0,80,Sunny,3936
20488,Store A,259,2354,23645350,41000,91295,10045,9/11/2012,9,2012,Tuesday,250,820,500,1640,220,722,14.26,0,82,Sunny,3984
20488,Store A,282,2397,22570500,0,80037,9416,9/12/2012,9,2012,Wednesday,250,820,500,1640,220,722,14.45,0,77,Cloudy,3601
20488,Store A,241,2119,20598000,0,85469,9721,9/13/2012,9,2012,Thursday,250,820,500,1640,220,722,14.46,0,69,Rainy,2668
20488,Store A,211,1796,22567700,12600,106956,12566,9/14/2012,9,2012,Friday,250,820,500,1640,220,722,14.51,0,69,Rainy,3175
20488,Store A,247,2555,30238700,-13430,122424,11835,9/15/2012,9,2012,Saturday,250,820,500,1640,220,722,14.36,1,77,Cloudy,4434
20488,Store A,282,2244,32606700,4500,115627,14531,9/16/2012,9,2012,Sunday,250,820,500,1640,220,722,14.14,1,71,Rainy,3207
20488,Store A,140,1303,14614600,0,104390,11216,9/17/2012,9,2012,Monday,250,820,500,1640,220,722,14.23,1,64,Rainy,3962
20488,Store A,245,2164,21407700,0,87378,9893,9/18/2012,9,2012,Tuesday,250,820,500,1640,220,722,14.21,0,75,Cloudy,3649
20488,Store A,238,1416,18255800,10900,76705,12893,9/19/2012,9,2012,Wednesday,250,820,500,1640,220,722,14.2,0,77,Sunny,2655
20488,Store A,215,1605,17592900,0,81827,10961,9/20/2012,9,2012,Thursday,250,820,500,1640,220,722,14.17,0,75,Rainy,2829
20488,Store A,178,1429,16607800,0,93302,11622,9/21/2012,9,2012,Friday,250,820,500,1640,220,722,14.3,0,75,Cloudy,2851
20488,Store A,216,1628,22280700,0,103151,13686,9/22/2012,9,2012,Saturday,250,820,500,1640,220,722,14.3,1,78,Sunny,3169
20488,Store A,202,1585,22863600,7800,113186,14425,9/23/2012,9,2012,Sunday,250,820,500,1640,220,722,14.19,1,78,Cloudy,3195
20488,Store A,189,1559,17235900,15400,91195,11056,9/24/2012,9,2012,Monday,250,820,500,1640,220,722,14.3,1,80,Sunny,4327
20488,Store A,197,1991,21928800,0,111314,11014,9/25/2012,9,2012,Tuesday,250,820,500,1640,220,722,14.35,0,80,Sunny,3676
20488,Store A,176,1349,19004500,-18910,107980,14088,9/26/2012,9,2012,Wednesday,250,820,500,1640,220,722,14.36,0,77,Sunny,2535
20488,Store A,179,1270,17121400,0,95650,13481,9/27/2012,9,2012,Thursday,250,820,500,1640,220,722,14.39,0,73,Cloudy,1633
20488,Store A,121,963,10160000,14400,83967,10550,9/28/2012,9,2012,Friday,250,820,500,1640,220,722,14.37,0,71,Rainy,1732
20488,Store A,132,941,11824500,41400,89580,12566,9/29/2012,9,2012,Saturday,250,820,500,1640,220,722,14.32,0,66,Rainy,1886
20488,Store A,148,1494,14911800,10500,100755,9981,9/30/2012,9,2012,Sunday,250,820,500,1640,220,722,14.19,0,68,Sunny,1656
20488,Store A,119,900,11292400,0,94894,12547,10/1/2012,10,2012,Monday,250,820,500,1640,220,722,14.06,0,73,Sunny,1219
20488,Store A,142,827,12294000,13500,86577,14866,10/2/2012,10,2012,Tuesday,250,820,500,1640,220,722,14.19,0,75,Sunny,
20488,Store A,116,668,10042600,9000,86574,15034,10/3/2012,10,2012,Wednesday,250,820,500,1640,220,722,14.24,0,77,Sunny,
20488,Store A,103,1177,10937200,0,106186,9292,10/4/2012,10,2012,Thursday,250,820,500,1640,220,722,14.2,0,75,Cloudy,
20488,Store A,186,2258,15167380,4761330,81545,6717,10/5/2012,10,2012,Friday,250,820,500,1640,220,722,14.16,0,71,Sunny,
20488,Store A,248,2299,21546290,5816010,86880,9372,10/6/2012,10,2012,Saturday,250,820,500,1640,220,722,14.12,1,75,Sunny,
20488,Store A,262,2534,27556950,6171550,105179,10875,10/7/2012,10,2012,Sunday,250,820,500,1640,220,722,14.09,1,75,Sunny,
20488,Store A,167,1497,17303900,6300,103616,11559,10/8/2012,10,2012,Monday,250,820,500,1640,220,722,13.89,1,73,Sunny,2539
20488,Store A,133,969,11780300,6900,88574,12157,10/9/2012,10,2012,Tuesday,250,820,500,1640,220,722,14.03,0,71,Cloudy,2897
20488,Store A,125,1052,9649900,4500,77199,9173,10/10/2012,10,2012,Wednesday,250,820,500,1640,220,722,14.18,0,69,Rainy,2482
20488,Store A,150,1539,10912400,0,72749,7091,10/11/2012,10,2012,Thursday,250,820,500,1640,220,722,14.22,0,66,Sunny,2101
20488,Store A,159,1378,17016800,18000,107024,12349,10/12/2012,10,2012,Friday,250,820,500,1640,220,722,14.22,0,69,Sunny,3964
20488,Store A,202,1460,20471100,0,101342,14021,10/13/2012,10,2012,Saturday,250,820,500,1640,220,722,14.16,0,73,Sunny,3274
20488,Store A,214,1947,19576100,0,91477,10054,10/14/2012,10,2012,Sunday,250,820,500,1640,220,722,14.04,0,69,Cloudy,3728
20488,Store A,173,1158,15305600,0,88472,13217,10/15/2012,10,2012,Monday,250,820,500,1640,220,722,14.14,0,68,Sunny,2711
20488,Store A,161,1323,15944200,22500,99032,12052,10/16/2012,10,2012,Tuesday,250,820,500,1640,220,722,14.13,0,75,Cloudy,3038
20488,Store A,157,1116,12460800,0,79368,11166,10/17/2012,10,2012,Wednesday,250,820,500,1640,220,722,14.03,0,62,Rainy,2596
20488,Store A,182,1358,13842400,13500,76057,10193,10/18/2012,10,2012,Thursday,250,820,500,1640,220,722,14.01,0,60,Sunny,2431
20488,Store A,166,1358,15566300,56100,93773,11463,10/19/2012,10,2012,Friday,250,820,500,1640,220,722,13.94,0,66,Sunny,2961
20488,Store A,192,1684,21108300,0,109939,12535,10/20/2012,10,2012,Saturday,250,820,500,1640,220,722,13.92,0,68,Cloudy,3561
20488,Store A,218,1917,15285800,123900,70118,7974,10/21/2012,10,2012,Sunday,250,820,500,1640,220,722,13.78,0,73,Cloudy,3561
20488,Store A,163,1477,14457800,5900,88698,9789,10/22/2012,10,2012,Monday,250,820,500,1640,220,722,13.82,0,64,Rainy,2842
20488,Store A,158,1362,14071500,60900,89060,10331,10/23/2012,10,2012,Tuesday,250,820,500,1640,220,722,13.85,0,57,Sunny,2957
20488,Store A,158,1571,13872100,33000,87798,8830,10/24/2012,10,2012,Wednesday,250,820,500,1640,220,722,13.8,0,64,Sunny,2297
20488,Store A,153,1337,12427300,9000,81224,9295,10/25/2012,10,2012,Thursday,250,820,500,1640,220,722,13.81,0,68,Sunny,2635
20488,Store A,167,1236,15504900,15800,92844,12544,10/26/2012,10,2012,Friday,250,820,500,1640,220,722,13.72,0,69,Cloudy,3027
20488,Store A,157,1368,14681300,269400,93511,10732,10/27/2012,10,2012,Saturday,250,820,500,1640,220,722,13.7,0,62,Rainy,3043
20488,Store A,163,1644,18564100,51100,113890,11292,10/28/2012,10,2012,Sunday,250,820,500,1640,220,722,13.62,0,64,Sunny,2798
20488,Store A,134,1334,13291800,4500,99193,9964,10/29/2012,10,2012,Monday,250,820,500,1640,220,722,13.41,0,59,Cloudy,2349
20488,Store A,127,1066,11591700,21600,91273,10874,10/30/2012,10,2012,Tuesday,250,820,500,1640,220,722,13.61,0,51,Sunny,2137
20488,Store A,132,1174,14128300,177000,107033,12034,10/31/2012,10,2012,Wednesday,250,820,500,1640,220,722,13.71,0,51,Rainy,1628
20488,Store A,174,1493,13044900,0,74971,8737,11/1/2012,11,2012,Thursday,250,820,500,1640,220,722,13.66,0,50,Sunny,1857
20488,Store A,222,2253,21719040,4999560,97834,9640,11/2/2012,11,2012,Friday,250,820,500,1640,220,722,13.62,0,51,Sunny,1870
20488,Store A,243,2658,21359510,5894990,87899,8036,11/3/2012,11,2012,Saturday,250,820,500,1640,220,722,13.57,0,57,Sunny,2178
20488,Store A,145,946,11548350,2783650,79644,12208,11/4/2012,11,2012,Sunday,250,820,500,1640,220,722,13.46,0,59,Rainy,2112
20488,Store A,143,2280,12258570,4064330,85724,5377,11/5/2012,11,2012,Monday,250,820,500,1640,220,722,13.38,0,51,Rainy,2302
20488,Store A,141,968,11247500,7200,79770,11619,11/6/2012,11,2012,Tuesday,250,820,500,1640,220,722,13.58,0,48,Rainy,2017
20488,Store A,138,1107,10858800,12000,78687,9809,11/7/2012,11,2012,Wednesday,250,820,500,1640,220,722,13.58,0,53,Sunny,1926
20488,Store A,170,995,13737850,8250,80811,13807,11/8/2012,11,2012,Thursday,250,820,500,1640,220,722,13.55,0,57,Cloudy,2052
20488,Store A,141,1084,16229700,12600,115104,14972,11/9/2012,11,2012,Friday,250,820,500,1640,220,722,13.63,0,55,Cloudy,2639
20488,Store A,192,1659,21692500,4500,112982,13076,11/10/2012,11,2012,Saturday,250,820,500,1640,220,722,13.69,0,59,Cloudy,2730
20488,Store A,179,1480,18002000,0,100570,12164,11/11/2012,11,2012,Sunday,250,820,500,1640,220,722,13.53,0,55,Rainy,2435
20488,Store A,117,954,13617300,3300,116387,14274,11/12/2012,11,2012,Monday,250,820,500,1640,220,722,13.31,0,48,Rainy,2317
20488,Store A,123,1056,10736400,4500,87288,10167,11/13/2012,11,2012,Tuesday,250,820,500,1640,220,722,13.54,0,48,Snowy,2356
20488,Store A,123,921,10718400,0,87141,11638,11/14/2012,11,2012,Wednesday,250,820,500,1640,220,722,13.71,0,42,Snowy,1760
20488,Store A,137,1298,13798600,0,100720,10631,11/15/2012,11,2012,Thursday,250,820,500,1640,220,722,13.59,0,48,Sunny,2172
20488,Store A,175,1687,19614300,0,112082,11627,11/16/2012,11,2012,Friday,250,820,500,1640,220,722,13.44,0,48,Rainy,4056
20488,Store A,226,2084,27683100,3600,122492,13284,11/17/2012,11,2012,Saturday,250,820,500,1640,220,722,13.43,0,46,Rainy,3262
20488,Store A,256,2011,20305300,9000,79318,10097,11/18/2012,11,2012,Sunday,250,820,500,1640,220,722,13.38,0,44,Sunny,2359
20488,Store A,184,1508,18530400,7500,100709,12288,11/19/2012,11,2012,Monday,250,820,500,1640,220,722,13.42,0,46,Rainy,2617
20488,Store A,157,1038,10895100,0,69396,10496,11/20/2012,11,2012,Tuesday,250,820,500,1640,220,722,13.38,0,42,Sunny,2159
20488,Store A,150,1163,15144700,4500,100965,13022,11/21/2012,11,2012,Wednesday,250,820,500,1640,220,722,13.29,0,46,Cloudy,3059
20488,Store A,200,1428,17338300,0,86692,12142,11/22/2012,11,2012,Thursday,250,820,500,1640,220,722,13.17,0,50,Rainy,3318
20488,Store A,212,1872,20123700,0,94923,10750,11/23/2012,11,2012,Friday,250,820,500,1640,220,722,13.13,1,41,Sunny,3771
20488,Store A,258,2161,29180800,0,113104,13503,11/24/2012,11,2012,Saturday,250,820,500,1640,220,722,13.18,1,42,Sunny,1783
20488,Store A,191,1257,18046400,0,94484,14357,11/25/2012,11,2012,Sunday,250,820,500,1640,220,722,13,1,44,Rainy,2713
20488,Store A,145,980,12255400,0,84520,12506,11/26/2012,11,2012,Monday,250,820,500,1640,220,722,12.83,0,41,Snowy,2489
20488,Store A,154,1067,11072400,0,71899,10377,11/27/2012,11,2012,Tuesday,250,820,500,1640,220,722,13.07,0,42,Sunny,2485
20488,Store A,138,1288,11026200,4500,79900,8561,11/28/2012,11,2012,Wednesday,250,820,500,1640,220,722,13.2,0,51,Rainy,2431
20488,Store A,154,1626,16539300,4500,107398,10172,11/29/2012,11,2012,Thursday,250,820,500,1640,220,722,13.25,0,39,Sunny,2332
20488,Store A,155,1313,14516200,12000,93653,11056,11/30/2012,11,2012,Friday,250,820,500,1640,220,722,13.19,0,42,Rainy,2129
20488,Store A,192,1814,18127400,0,94414,9993,12/1/2012,12,2012,Saturday,250,820,500,1640,220,722,13.12,0,35,Sunny,2587
20488,Store A,232,1724,26013200,4500,112126,15089,12/2/2012,12,2012,Sunday,250,820,500,1640,220,722,12.98,0,42,Cloudy,2534
20488,Store A,128,1193,12137400,0,94823,10174,12/3/2012,12,2012,Monday,250,820,500,1640,220,722,12.81,0,42,Snowy,2104
20488,Store A,137,876,6822800,0,49801,7789,12/4/2012,12,2012,Tuesday,250,820,500,1640,220,722,13.02,0,32,Sunny,1684
20488,Store A,119,959,9719900,6000,81680,10135,12/5/2012,12,2012,Wednesday,250,820,500,1640,220,722,13.2,0,32,Snowy,2534
20488,Store A,133,1213,12229300,0,91950,10082,12/6/2012,12,2012,Thursday,250,820,500,1640,220,722,13.16,0,26,Snowy,2546
20488,Store A,154,2353,14699220,3892780,95449,6247,12/7/2012,12,2012,Friday,250,820,500,1640,220,722,13.13,0,28,Snowy,2440
20488,Store A,228,3158,22162380,5820720,97203,7018,12/8/2012,12,2012,Saturday,250,820,500,1640,220,722,13.12,0,19,Sunny,2558
20488,Store A,221,2567,17311340,5186560,78332,6744,12/9/2012,12,2012,Sunday,250,820,500,1640,220,722,13,0,17,Sunny,2478
20488,Store A,120,1220,13187700,0,109898,10810,12/10/2012,12,2012,Monday,250,820,500,1640,220,722,13.09,0,21,Sunny,1493
20488,Store A,106,1095,8658100,6900,81680,7907,12/11/2012,12,2012,Tuesday,250,820,500,1640,220,722,13.1,0,26,Sunny,1450
20488,Store A,107,1724,8752500,9000,81799,5077,12/12/2012,12,2012,Wednesday,250,820,500,1640,220,722,13.05,0,30,Sunny,18114
20488,Store A,123,968,9000500,0,73175,9298,12/13/2012,12,2012,Thursday,250,820,500,1640,220,722,12.96,0,37,Sunny,1894
20488,Store A,130,1181,12391000,0,95315,10492,12/14/2012,12,2012,Friday,250,820,500,1640,220,722,12.85,0,37,Rainy,1937
20488,Store A,193,1905,17293400,0,89603,9078,12/15/2012,12,2012,Saturday,250,820,500,1640,220,722,12.83,0,44,Cloudy,2401
20488,Store A,204,1791,18937400,14700,92830,10574,12/16/2012,12,2012,Sunday,250,820,500,1640,220,722,12.73,0,39,Cloudy,2533
20488,Store A,156,1151,11578000,0,74218,10059,12/17/2012,12,2012,Monday,250,820,500,1640,220,722,12.52,0,37,Sunny,12119
20488,Store A,135,1087,9114400,12000,67514,8385,12/18/2012,12,2012,Tuesday,250,820,500,1640,220,722,12.65,0,24,Sunny,1593
20488,Store A,146,1368,10448800,0,71567,7638,12/19/2012,12,2012,Wednesday,250,820,500,1640,220,722,12.76,0,24,Sunny,1572
20488,Store A,123,1201,10145800,4500,82486,8448,12/20/2012,12,2012,Thursday,250,820,500,1640,220,722,12.7,0,32,Sunny,1271
20488,Store A,116,1285,12333600,0,106324,9598,12/21/2012,12,2012,Friday,250,820,500,1640,220,722,12.74,0,32,Snowy,1611
20488,Store A,179,1293,12531900,14700,70011,9692,12/22/2012,12,2012,Saturday,250,820,500,1640,220,722,12.77,1,30,Cloudy,2257
20488,Store A,196,2089,16397800,3600,83662,7850,12/23/2012,12,2012,Sunday,250,820,500,1640,220,722,12.76,1,19,Sunny,1293
20488,Store A,105,941,10020700,0,95435,10649,12/24/2012,12,2012,Monday,250,820,500,1640,220,722,12.76,1,21,Snowy,995
20488,Store A,162,943,8426800,6300,52017,8936,12/25/2012,12,2012,Tuesday,250,820,500,1640,220,722,12.7,0,21,Snowy,1518
20488,Store A,149,1396,16964200,0,113854,12152,12/26/2012,12,2012,Wednesday,250,820,500,1640,220,722,12.65,0,17,Sunny,2930
20488,Store A,174,1923,15915500,0,91468,8276,12/27/2012,12,2012,Thursday,250,820,500,1640,220,722,12.61,0,28,Sunny,2007
20488,Store A,184,1188,13598000,6300,73902,11446,12/28/2012,12,2012,Friday,250,820,500,1640,220,722,12.48,0,35,Snowy,1808
20488,Store A,158,1267,12535900,6000,79341,9894,12/29/2012,12,2012,Saturday,250,820,500,1640,220,722,12.38,0,32,Snowy,2160
20488,Store A,219,2450,20913800,0,95497,8536,12/30/2012,12,2012,Sunday,250,820,500,1640,220,722,12.41,0,32,Snowy,3015
20488,Store A,187,1573,18634200,6300,99648,11846,12/31/2012,12,2012,Monday,250,820,500,1640,220,722,12.42,0,19,Sunny,2103
20488,Store A,201,1604,16469600,15000,81938,10268,1/1/2013,1,2013,Tuesday,250,820,500,1640,220,722,12.29,0,32,Snowy,2054
20488,Store A,151,1354,15322300,0,101472,11316,1/2/2013,1,2013,Wednesday,250,820,500,1640,220,722,12.28,0,21,Sunny,3761
20488,Store A,161,1488,17598900,0,109310,11827,1/3/2013,1,2013,Thursday,250,820,500,1640,220,722,12.21,0,14,Sunny,3761
20488,Store A,171,1629,14302600,10500,83641,8780,1/4/2013,1,2013,Friday,250,820,500,1640,220,722,12.19,0,17,Sunny,2159
20488,Store A,121,737,8217600,0,67914,11150,1/5/2013,1,2013,Saturday,250,820,500,1640,220,722,12.08,0,28,Snowy,1505
20488,Store A,113,928,12400800,0,109742,13363,1/6/2013,1,2013,Sunday,250,820,500,1640,220,722,11.9,0,24,Cloudy,1552
20488,Store A,85,770,6483200,4500,76273,8420,1/7/2013,1,2013,Monday,250,820,500,1640,220,722,11.71,0,28,Cloudy,1097
20488,Store A,92,736,7674900,12600,83423,10428,1/8/2013,1,2013,Tuesday,250,820,500,1640,220,722,11.96,0,28,Sunny,1019
20488,Store A,68,440,6458500,0,94978,14678,1/9/2013,1,2013,Wednesday,250,820,500,1640,220,722,12.15,0,17,Sunny,915
20488,Store A,86,1333,8643300,9000,100503,6484,1/10/2013,1,2013,Thursday,250,820,500,1640,220,722,12.12,0,23,Sunny,841
20488,Store A,103,751,8780400,0,85247,11692,1/11/2013,1,2013,Friday,250,820,500,1640,220,722,12.01,0,33,Cloudy,1103
20488,Store A,118,681,8773200,0,74349,12883,1/12/2013,1,2013,Saturday,250,820,500,1640,220,722,11.85,1,39,Snowy,2301
20488,Store A,158,1311,13966100,6300,88393,10653,1/13/2013,1,2013,Sunday,250,820,500,1640,220,722,11.7,1,32,Cloudy,1332
20488,Store A,122,940,11687800,0,95802,12434,1/14/2013,1,2013,Monday,250,820,500,1640,220,722,11.48,1,35,Cloudy,1490
20488,Store A,127,1484,17775000,9000,139961,11978,1/15/2013,1,2013,Tuesday,250,820,500,1640,220,722,11.66,0,35,Sunny,1522
20488,Store A,107,737,7464900,0,69765,10129,1/16/2013,1,2013,Wednesday,250,820,500,1640,220,722,11.87,0,32,Snowy,1409
20488,Store A,128,1334,12358890,2751710,96554,9265,1/17/2013,1,2013,Thursday,250,820,500,1640,220,722,11.97,0,24,Sunny,1442
20488,Store A,138,1384,12216940,2899460,88529,8827,1/18/2013,1,2013,Friday,250,820,500,1640,220,722,11.88,0,32,Sunny,1717
20488,Store A,165,1520,12000820,3307780,72732,7895,1/19/2013,1,2013,Saturday,250,820,500,1640,220,722,11.75,0,39,Sunny,2009
20488,Store A,153,1370,12276410,2842090,80238,8961,1/20/2013,1,2013,Sunday,250,820,500,1640,220,722,11.66,0,39,Cloudy,2413
20488,Store A,100,916,9601700,2792000,96017,10482,1/21/2013,1,2013,Monday,250,820,500,1640,220,722,11.53,0,39,Rainy,1877
20488,Store A,116,945,9147200,0,78855,9680,1/22/2013,1,2013,Tuesday,250,820,500,1640,220,722,11.74,0,41,Rainy,2085
20488,Store A,108,1135,7503400,6300,69476,6611,1/23/2013,1,2013,Wednesday,250,820,500,1640,220,722,11.93,0,37,Rainy,1798
20488,Store A,134,1013,10350800,0,77245,10218,1/24/2013,1,2013,Thursday,250,820,500,1640,220,722,12.03,0,37,Snowy,1971
20488,Store A,152,1402,15283400,0,100549,10901,1/25/2013,1,2013,Friday,250,820,500,1640,220,722,11.94,0,21,Sunny,2719
20488,Store A,201,1751,16451200,13800,81847,9395,1/26/2013,1,2013,Saturday,250,820,500,1640,220,722,11.82,0,21,Sunny,2638
20488,Store A,201,1630,17648600,27900,87804,10827,1/27/2013,1,2013,Sunday,250,820,500,1640,220,722,11.69,0,24,Sunny,2467
20488,Store A,145,1068,12723000,0,87745,11913,1/28/2013,1,2013,Monday,250,820,500,1640,220,722,11.8,0,32,Cloudy,1859
20488,Store A,140,1482,8458800,4500,60420,5708,1/29/2013,1,2013,Tuesday,250,820,500,1640,220,722,11.93,0,41,Snowy,1889
20488,Store A,129,1512,8913100,0,69094,5895,1/30/2013,1,2013,Wednesday,250,820,500,1640,220,722,11.96,0,48,Cloudy,1921
20488,Store A,102,1184,6788600,0,66555,5734,1/31/2013,1,2013,Thursday,250,820,500,1640,220,722,11.91,0,51,Sunny,1867
20488,Store A,116,1025,10349300,9000,89218,10097,2/1/2013,2,2013,Friday,250,820,500,1640,220,722,11.94,0,48,Rainy,1891
20488,Store A,162,1845,12803100,3000,79031,6939,2/2/2013,2,2013,Saturday,250,820,500,1640,220,722,11.87,0,35,Sunny,2518
20488,Store A,150,1681,13875800,19200,92505,8254,2/3/2013,2,2013,Sunday,250,820,500,1640,220,722,11.78,0,30,Snowy,3038
20488,Store A,174,1523,16419400,0,94364,10781,2/4/2013,2,2013,Monday,250,820,500,1640,220,722,11.52,0,33,Snowy,3542
20488,Store A,125,825,9103000,0,72824,11034,2/5/2013,2,2013,Tuesday,250,820,500,1640,220,722,11.71,0,35,Snowy,
20488,Store A,170,1496,9087100,3000,53454,6074,2/6/2013,2,2013,Wednesday,250,820,500,1640,220,722,11.7,0,33,Snowy,
20488,Store A,131,1182,9615000,53100,73397,8135,2/7/2013,2,2013,Thursday,250,820,500,1640,220,722,11.61,0,28,Sunny,
20488,Store A,102,770,8756800,0,85851,11372,2/8/2013,2,2013,Friday,250,820,500,1640,220,722,11.63,0,15,Sunny,
20488,Store A,130,1151,13149100,0,101147,11424,2/9/2013,2,2013,Saturday,250,820,500,1640,220,722,11.75,1,28,Sunny,
20488,Store A,178,1813,16134900,33000,90646,8900,2/10/2013,2,2013,Sunday,250,820,500,1640,220,722,11.74,1,28,Snowy,
20488,Store A,118,941,5693600,78300,48251,6051,2/11/2013,2,2013,Monday,250,820,500,1640,220,722,11.63,1,26,cloudy,
20488,Store A,159,999,6714200,354600,42228,6721,2/12/2013,2,2013,Tuesday,250,820,500,1640,220,722,11.73,0,28,cloudy,
20488,Store A,127,864,7667700,36400,60376,8875,2/13/2013,2,2013,Wednesday,250,820,500,1640,220,722,11.62,0,35,cloudy,
20488,Store A,168,1572,11823440,2582660,70378,7521,2/14/2013,2,2013,Thursday,250,820,500,1640,220,722,11.63,0,41,cloudy,
20488,Store A,191,1674,9165710,2984790,47988,5475,2/15/2013,2,2013,Friday,250,820,500,1640,220,722,11.61,0,32,cloudy,
20488,Store A,212,1810,15054520,3654580,71012,8317,2/16/2013,2,2013,Saturday,250,820,500,1640,220,722,11.6,0,33,Sunny,
20488,Store A,209,2152,13601870,3933030,65081,6321,2/17/2013,2,2013,Sunday,250,820,500,1640,220,722,11.48,0,42,cloudy,
20488,Store A,220,2333,13677720,4300480,62171,5863,2/18/2013,2,2013,Monday,250,820,500,1640,220,722,11.25,0,35,cloudy,
20488,Store A,156,1437,10870800,4500,69685,7565,2/19/2013,2,2013,Tuesday,250,820,500,1640,220,722,11.46,0,32,Sunny,
20488,Store A,165,1074,13710900,20700,83096,12766,2/20/2013,2,2013,Wednesday,250,820,500,1640,220,722,11.53,0,30,Sunny,
20488,Store A,148,1489,10300900,0,69601,6918,2/21/2013,2,2013,Thursday,250,820,500,1640,220,722,11.52,0,35,Sunny,
20488,Store A,166,1459,12667900,0,76313,8683,2/22/2013,2,2013,Friday,250,820,500,1640,220,722,11.62,0,39,Snowy,
20488,Store A,250,2001,20000500,9000,80002,9995,2/23/2013,2,2013,Saturday,250,820,500,1640,220,722,11.63,0,35,Sunny,
20488,Store A,240,1541,20462700,30300,85261,13279,2/24/2013,2,2013,Sunday,250,820,500,1640,220,722,11.5,0,41,Sunny,
20488,Store A,207,1771,18935600,9000,91476,10692,2/25/2013,2,2013,Monday,250,820,500,1640,220,722,11.33,0,44,cloudy,
20488,Store A,193,1497,12480800,6000,64667,8337,2/26/2013,2,2013,Tuesday,250,820,500,1640,220,722,11.47,0,46,Rainy,
20488,Store A,162,852,8950300,14400,55249,10505,2/27/2013,2,2013,Wednesday,250,820,500,1640,220,722,11.82,0,44,Cloudy,
20488,Store A,169,1133,11753200,0,69546,10374,2/28/2013,2,2013,Thursday,250,820,500,1640,220,722,11.81,0,55,Rainy,
20488,Store A,178,1047,10000000,9000,56180,9551,3/1/2013,3,2013,Friday,250,820,500,1640,220,722,11.72,0,44,Rainy,
20488,Store A,208,1867,15293500,0,73526,8191,3/2/2013,3,2013,Saturday,250,820,500,1640,220,722,11.66,0,35,Sunny,
20488,Store A,169,1337,10677700,4500,63182,7986,3/3/2013,3,2013,Sunday,250,820,500,1640,220,722,11.57,0,39,Sunny,
20488,Store A,140,1108,9387000,0,67050,8472,3/4/2013,3,2013,Monday,250,820,500,1640,220,722,11.33,0,46,Sunny,
20488,Store A,201,1828,14303100,4500,71160,7824,3/5/2013,3,2013,Tuesday,250,820,500,1640,220,722,11.54,0,46,Sunny,
20488,Store A,189,1176,10685800,0,56539,9087,3/6/2013,3,2013,Wednesday,250,820,500,1640,220,722,11.64,0,57,Sunny,
20488,Store A,196,1336,15112300,4500,77104,11312,3/7/2013,3,2013,Thursday,250,820,500,1640,220,722,11.59,0,51,Rainy,
20488,Store A,198,1209,17471700,0,88241,14451,3/8/2013,3,2013,Friday,250,820,500,1640,220,722,11.52,0,55,Cloudy,
20488,Store A,227,2123,21115000,14700,93018,9946,3/9/2013,3,2013,Saturday,250,820,500,1640,220,722,11.4,0,71,Cloudy,
20488,Store A,269,2829,26105702,6900,97047,9228,3/10/2013,3,2013,Sunday,250,820,500,1640,220,722,11.34,0,44,Sunny,
20488,Store A,218,1936,14340800,24000,65783,7407,3/11/2013,3,2013,Monday,250,820,500,1640,220,722,11.21,0,50,Sunny,
20488,Store A,237,2803,17436500,0,73572,6221,3/12/2013,3,2013,Tuesday,250,820,500,1640,220,722,11.37,0,53,Rainy,
20488,Store A,207,2315,14125900,24000,68241,6102,3/13/2013,3,2013,Wednesday,250,820,500,1640,220,722,11.37,0,46,Rainy,
20488,Store A,208,1667,11589920,3221780,55721,6953,3/14/2013,3,2013,Thursday,250,820,500,1640,220,722,11.43,0,46,Sunny,
20488,Store A,270,3065,19037150,5348850,70508,6211,3/15/2013,3,2013,Friday,250,820,500,1640,220,722,11.49,0,48,Sunny,
20488,Store A,298,3253,20579470,5972830,69059,6326,3/16/2013,3,2013,Saturday,250,820,500,1640,220,722,11.56,0,51,Sunny,
20288,Store B,257,1474,8974800,0,34921,6089,9/1/2011,9,2011,Thursday,180,591,550,1804,230,755,13.93,0,87,NA,
20288,Store B,260,1769,12861500,0,49467,7270,9/2/2011,9,2011,Friday,180,591,550,1804,230,755,13.83,0,89,NA,
20288,Store B,196,1383,10509400,0,53619,7599,9/3/2011,9,2011,Saturday,180,591,550,1804,230,755,13.83,0,87,Cloudy,
20288,Store B,171,1004,7741700,0,45273,7711,9/4/2011,9,2011,Sunday,180,591,550,1804,230,755,13.85,0,84,Cloudy,
20288,Store B,184,1295,11250500,0,61144,8688,9/5/2011,9,2011,Monday,180,591,550,1804,230,755,13.85,0,82,Sunny,
20288,Store B,218,1330,9227600,0,42328,6938,9/6/2011,9,2011,Tuesday,180,591,550,1804,230,755,13.9,0,82,Sunny,
20288,Store B,165,1231,9118700,0,55265,7408,9/7/2011,9,2011,Wednesday,180,591,550,1804,230,755,13.91,0,80,Cloudy,
20288,Store B,143,959,7375400,0,51576,7691,9/8/2011,9,2011,Thursday,180,591,550,1804,230,755,13.86,0,77,Cloudy,
20288,Store B,126,842,4796100,0,38064,5696,9/9/2011,9,2011,Friday,180,591,550,1804,230,755,13.87,0,69,Rainy,
20288,Store B,172,1235,8072100,0,46931,6536,9/10/2011,9,2011,Saturday,180,591,550,1804,230,755,13.88,0,78,NA,
20288,Store B,156,939,7287000,0,46712,7760,9/11/2011,9,2011,Sunday,180,591,550,1804,230,755,13.87,0,73,Rainy,
20288,Store B,150,923,6136000,0,40907,6648,9/12/2011,9,2011,Monday,180,591,550,1804,230,755,13.87,0,80,Cloudy,
20288,Store B,119,686,5704100,0,47934,8315,9/13/2011,9,2011,Tuesday,180,591,550,1804,230,755,13.97,0,84,Cloudy,
20288,Store B,130,880,5685100,0,43732,6460,9/14/2011,9,2011,Wednesday,180,591,550,1804,230,755,13.96,0,84,NA,
20288,Store B,152,874,6768100,0,44527,7744,9/15/2011,9,2011,Thursday,180,591,550,1804,230,755,14.23,0,86,NA,
20288,Store B,194,1158,9670500,0,49848,8351,9/16/2011,9,2011,Friday,180,591,550,1804,230,755,14.47,0,87,NA,
20288,Store B,183,1329,10316400,0,56374,7763,9/17/2011,9,2011,Saturday,180,591,550,1804,230,755,14.47,1,86,NA,
20288,Store B,254,1562,11769500,0,46337,7535,9/18/2011,9,2011,Sunday,180,591,550,1804,230,755,14.45,1,78,Cloudy,
20288,Store B,190,1033,10990500,0,57845,10639,9/19/2011,9,2011,Monday,180,591,550,1804,230,755,14.44,1,66,Rainy,
20288,Store B,186,1856,13301200,0,71512,7167,9/20/2011,9,2011,Tuesday,180,591,550,1804,230,755,14.73,0,73,Sunny,
20288,Store B,190,1446,11602700,0,61067,8024,9/21/2011,9,2011,Wednesday,180,591,550,1804,230,755,14.92,0,75,Sunny,
20288,Store B,172,1092,9728200,0,56559,8909,9/22/2011,9,2011,Thursday,180,591,550,1804,230,755,15.02,0,75,Sunny,
20288,Store B,201,1612,16547100,0,82324,10265,9/23/2011,9,2011,Friday,180,591,550,1804,230,755,15.34,1,77,NA,
20288,Store B,166,1003,13100000,0,78916,13061,9/24/2011,9,2011,Saturday,180,591,550,1804,230,755,15.31,1,78,NA,
20288,Store B,165,804,12210800,0,74005,15188,9/25/2011,9,2011,Sunday,180,591,550,1804,230,755,15.2,1,78,NA,
20288,Store B,205,1545,10631500,0,51861,6881,9/26/2011,9,2011,Monday,180,591,550,1804,230,755,15.2,0,80,NA,
20288,Store B,253,1685,14544500,0,57488,8632,9/27/2011,9,2011,Tuesday,180,591,550,1804,230,755,15.44,0,84,NA,
20288,Store B,220,1536,10194200,0,46337,6637,9/28/2011,9,2011,Wednesday,180,591,550,1804,230,755,15.33,0,75,NA,
20288,Store B,189,1242,10612800,0,56152,8545,9/29/2011,9,2011,Thursday,180,591,550,1804,230,755,15.24,0,66,Rainy,
20288,Store B,160,1007,7846400,0,49040,7792,9/30/2011,9,2011,Friday,180,591,550,1804,230,755,15.34,0,66,Sunny,
20288,Store B,184,830,8353100,0,45397,10064,10/1/2011,10,2011,Saturday,180,591,550,1804,230,755,15.36,0,64,Sunny,
20288,Store B,157,1032,8442900,0,53776,8181,10/2/2011,10,2011,Sunday,180,591,550,1804,230,755,15.37,0,64,Sunny,
20288,Store B,176,1076,7570600,0,43015,7036,10/3/2011,10,2011,Monday,180,591,550,1804,230,755,15.4,0,68,Sunny,
20288,Store B,144,904,10375200,0,72050,11477,10/4/2011,10,2011,Tuesday,180,591,550,1804,230,755,15.4,0,68,Sunny,
20288,Store B,154,862,8045100,0,52241,9333,10/5/2011,10,2011,Wednesday,180,591,550,1804,230,755,15.54,0,71,Sunny,
20288,Store B,201,1144,12456600,0,61973,10889,10/6/2011,10,2011,Thursday,180,591,550,1804,230,755,15.3,0,69,NA,
20288,Store B,134,1003,8071700,0,60237,8048,10/7/2011,10,2011,Friday,180,591,550,1804,230,755,15.43,0,69,NA,
20288,Store B,148,1100,9873700,0,66714,8976,10/8/2011,10,2011,Saturday,180,591,550,1804,230,755,15.37,1,71,NA,
20288,Store B,214,1783,15122400,0,70665,8481,10/9/2011,10,2011,Sunday,180,591,550,1804,230,755,15.37,1,71,NA,
20288,Store B,172,1387,14464300,0,84095,10428,10/10/2011,10,2011,Monday,180,591,550,1804,230,755,15.3,1,69,NA,
20288,Store B,113,975,7374500,0,65261,7564,10/11/2011,10,2011,Tuesday,180,591,550,1804,230,755,15.18,0,69,NA,
20288,Store B,124,888,8434400,0,68019,9498,10/12/2011,10,2011,Wednesday,180,591,550,1804,230,755,15.26,0,64,NA,
20288,Store B,123,809,7435500,0,60451,9191,10/13/2011,10,2011,Thursday,180,591,550,1804,230,755,15.18,0,73,NA,
20288,Store B,134,939,10694000,0,79806,11389,10/14/2011,10,2011,Friday,180,591,550,1804,230,755,15.1,0,60,NA,
20288,Store B,148,1184,13358800,0,90262,11283,10/15/2011,10,2011,Saturday,180,591,550,1804,230,755,14.99,0,62,Rainy,
20288,Store B,159,1202,11627000,0,73126,9673,10/16/2011,10,2011,Sunday,180,591,550,1804,230,755,14.94,0,66,Rainy,
20288,Store B,147,1686,14164200,0,96355,8401,10/17/2011,10,2011,Monday,180,591,550,1804,230,755,14.94,0,57,Sunny,
20288,Store B,155,1197,15331100,0,98910,12808,10/18/2011,10,2011,Tuesday,180,591,550,1804,230,755,14.91,0,57,Sunny,
20288,Store B,128,1234,15874100,0,124016,12864,10/19/2011,10,2011,Wednesday,180,591,550,1804,230,755,14.93,0,68,Sunny,
20288,Store B,212,1207,12473900,0,58839,10335,10/20/2011,10,2011,Thursday,180,591,550,1804,230,755,14.81,0,69,Sunny,
20288,Store B,138,1324,8725250,0,63226,6590,10/21/2011,10,2011,Friday,180,591,550,1804,230,755,14.83,0,69,Cloudy,
20288,Store B,177,1270,11913850,0,67310,9381,10/22/2011,10,2011,Saturday,180,591,550,1804,230,755,14.93,0,71,Sunny,
20288,Store B,165,1005,9645800,0,58459,9598,10/23/2011,10,2011,Sunday,180,591,550,1804,230,755,15,0,71,NA,
20288,Store B,156,1294,12231350,0,78406,9452,10/24/2011,10,2011,Monday,180,591,550,1804,230,755,15.01,0,59,Rainy,
20288,Store B,137,1034,11349950,0,82846,10977,10/25/2011,10,2011,Tuesday,180,591,550,1804,230,755,14.94,0,53,Sunny,
20288,Store B,140,942,9426350,0,67331,10007,10/26/2011,10,2011,Wednesday,180,591,550,1804,230,755,14.85,0,59,Sunny,
20288,Store B,136,1323,10787000,0,79316,8153,10/27/2011,10,2011,Thursday,180,591,550,1804,230,755,14.87,0,66,NA,
20288,Store B,158,1262,10644900,0,67373,8435,10/28/2011,10,2011,Friday,180,591,550,1804,230,755,14.67,0,66,NA,
20288,Store B,179,1430,12331550,0,68891,8623,10/29/2011,10,2011,Saturday,180,591,550,1804,230,755,14.56,0,59,NA,
20288,Store B,158,1142,10086450,0,63838,8832,10/30/2011,10,2011,Sunday,180,591,550,1804,230,755,14.54,0,68,NA,
20288,Store B,124,844,10213150,0,82364,12101,10/31/2011,10,2011,Monday,180,591,550,1804,230,755,14.54,0,73,NA,
20288,Store B,138,1123,10502600,0,76106,9352,11/1/2011,11,2011,Tuesday,180,591,550,1804,230,755,14.24,0,71,NA,
20288,Store B,169,1472,14236850,0,84242,9672,11/2/2011,11,2011,Wednesday,180,591,550,1804,230,755,14.31,0,69,NA,
20288,Store B,133,1120,13470650,0,101283,12027,11/3/2011,11,2011,Thursday,180,591,550,1804,230,755,14.33,0,73,NA,
20288,Store B,152,1087,8995000,0,59178,8275,11/4/2011,11,2011,Friday,180,591,550,1804,230,755,14.42,0,73,NA,
20288,Store B,157,1458,12817600,0,81641,8791,11/5/2011,11,2011,Saturday,180,591,550,1804,230,755,14.4,0,77,Rainy,
20288,Store B,149,1131,12483800,0,83784,11038,11/6/2011,11,2011,Sunday,180,591,550,1804,230,755,14.14,0,66,Rainy,
20288,Store B,136,1123,11090400,0,81547,9876,11/7/2011,11,2011,Monday,180,591,550,1804,230,755,14.15,0,64,Cloudy,
20288,Store B,176,1543,16228600,0,92208,10518,11/8/2011,11,2011,Tuesday,180,591,550,1804,230,755,14.25,0,64,NA,
20288,Store B,156,1283,12267100,0,78635,9561,11/9/2011,11,2011,Wednesday,180,591,550,1804,230,755,14.32,0,64,Cloudy,
20288,Store B,174,1333,12075100,0,69397,9059,11/10/2011,11,2011,Thursday,180,591,550,1804,230,755,14.37,0,62,Rainy,
20288,Store B,186,1304,15833300,0,85125,12142,11/11/2011,11,2011,Friday,180,591,550,1804,230,755,14.52,0,57,Rainy,
20288,Store B,183,1232,9612150,0,52525,7802,11/12/2011,11,2011,Saturday,180,591,550,1804,230,755,14.56,0,60,Sunny,
20288,Store B,189,1287,12770850,0,67571,9923,11/13/2011,11,2011,Sunday,180,591,550,1804,230,755,14.61,0,60,NA,
20288,Store B,195,1625,20042100,0,102780,12334,11/14/2011,11,2011,Monday,180,591,550,1804,230,755,14.6,0,50,Sunny,
20288,Store B,147,1534,12485550,0,84936,8139,11/15/2011,11,2011,Tuesday,180,591,550,1804,230,755,14.59,0,51,Sunny,
20288,Store B,124,854,9737150,0,78525,11402,11/16/2011,11,2011,Wednesday,180,591,550,1804,230,755,14.62,0,59,NA,
20288,Store B,151,992,11130250,0,73710,11220,11/17/2011,11,2011,Thursday,180,591,550,1804,230,755,14.71,0,62,NA,
20288,Store B,183,1395,12527850,0,68458,8981,11/18/2011,11,2011,Friday,180,591,550,1804,230,755,14.73,0,62,Rainy,
20288,Store B,191,1565,14284800,0,74790,9128,11/19/2011,11,2011,Saturday,180,591,550,1804,230,755,14.79,0,60,Cloudy,
20288,Store B,157,1401,10407500,0,66290,7429,11/20/2011,11,2011,Sunday,180,591,550,1804,230,755,14.79,0,39,Sunny,
20288,Store B,188,1551,12799300,0,68081,8252,11/21/2011,11,2011,Monday,180,591,550,1804,230,755,14.79,0,42,Sunny,
20288,Store B,147,1185,11447000,0,77871,9660,11/22/2011,11,2011,Tuesday,180,591,550,1804,230,755,14.84,0,48,NA,
20288,Store B,183,1370,14214100,0,77673,10375,11/23/2011,11,2011,Wednesday,180,591,550,1804,230,755,14.87,0,46,Rainy,
20288,Store B,168,1478,12804600,0,76218,8663,11/24/2011,11,2011,Thursday,180,591,550,1804,230,755,14.94,0,35,Sunny,
20288,Store B,135,768,7788400,0,57692,10141,11/25/2011,11,2011,Friday,180,591,550,1804,230,755,15,0,42,Snowy,
20288,Store B,185,1116,12559600,0,67890,11254,11/26/2011,11,2011,Saturday,180,591,550,1804,230,755,14.98,0,53,NA,
20288,Store B,172,1153,13275700,0,77184,11514,11/27/2011,11,2011,Sunday,180,591,550,1804,230,755,14.88,0,60,Cloudy,
20288,Store B,150,1032,10086100,0,67241,9773,11/28/2011,11,2011,Monday,180,591,550,1804,230,755,14.92,0,61,Rainy,
20288,Store B,148,1319,11432500,0,77247,8668,11/29/2011,11,2011,Tuesday,180,591,550,1804,230,755,14.82,0,56,Rainy,
20288,Store B,120,831,8598300,0,71653,10347,11/30/2011,11,2011,Wednesday,180,591,550,1804,230,755,14.57,0,48,Rainy,
20288,Store B,152,1299,14514900,0,95493,11174,12/1/2011,12,2011,Thursday,180,591,550,1804,230,755,14.65,0,50,Rainy,
20288,Store B,124,930,12013700,0,96885,12918,12/2/2011,12,2011,Friday,180,591,550,1804,230,755,14.56,0,46,Cloudy,
20288,Store B,162,1462,13528650,0,83510,9254,12/3/2011,12,2011,Saturday,180,591,550,1804,230,755,14.49,0,48,Rainy,
20288,Store B,126,1001,12306700,0,97672,12294,12/4/2011,12,2011,Sunday,180,591,550,1804,230,755,14.37,0,42,Sunny,
20288,Store B,145,1619,11733300,0,80919,7247,12/5/2011,12,2011,Monday,180,591,550,1804,230,755,14.35,0,41,Sunny,
20288,Store B,149,1486,11763200,0,78948,7916,12/6/2011,12,2011,Tuesday,180,591,550,1804,230,755,14.44,0,44,Cloudy,
20288,Store B,106,620,5691800,0,53696,9180,12/7/2011,12,2011,Wednesday,180,591,550,1804,230,755,14.52,0,44,Cloudy,
20288,Store B,122,848,10166100,0,83329,11988,12/8/2011,12,2011,Thursday,180,591,550,1804,230,755,14.5,0,41,Cloudy,
20288,Store B,176,1333,14602100,0,82966,10954,12/9/2011,12,2011,Friday,180,591,550,1804,230,755,14.56,0,35,Snowy,
20288,Store B,226,2244,22550900,0,99783,10049,12/10/2011,12,2011,Saturday,180,591,550,1804,230,755,14.68,0,35,Snowy,
20288,Store B,233,2747,27795650,0,119295,10119,12/11/2011,12,2011,Sunday,180,591,550,1804,230,755,14.75,0,44,Rainy,
20288,Store B,167,1494,16326100,0,97761,10928,12/12/2011,12,2011,Monday,180,591,550,1804,230,755,14.74,0,45,NA,
20288,Store B,128,956,8686400,0,67863,9086,12/13/2011,12,2011,Tuesday,180,591,550,1804,230,755,14.74,0,43,Sunny,
20288,Store B,99,751,7769650,0,78481,10346,12/14/2011,12,2011,Wednesday,180,591,550,1804,230,755,14.72,0,47,Rainy,
20288,Store B,144,1079,7496300,0,52058,6947,12/15/2011,12,2011,Thursday,180,591,550,1804,230,755,14.86,0,32,Sunny,
20288,Store B,148,1320,12910200,0,87231,9780,12/16/2011,12,2011,Friday,180,591,550,1804,230,755,14.84,0,25,Sunny,
20288,Store B,143,889,9529600,0,66641,10719,12/17/2011,12,2011,Saturday,180,591,550,1804,230,755,14.85,0,32,Cloudy,
20288,Store B,135,1401,11147700,0,82576,7957,12/18/2011,12,2011,Sunday,180,591,550,1804,230,755,14.85,0,35,NA,
20288,Store B,156,1282,11359350,0,72816,8861,12/19/2011,12,2011,Monday,180,591,550,1804,230,755,14.85,0,37,Cloudy,
20288,Store B,124,689,5479400,0,44189,7953,12/20/2011,12,2011,Tuesday,180,591,550,1804,230,755,14.99,0,40,Rainy,
20288,Store B,89,991,6956100,0,78158,7019,12/21/2011,12,2011,Wednesday,180,591,550,1804,230,755,14.95,0,43,Snowy,
20288,Store B,152,1427,14078650,0,92623,9866,12/22/2011,12,2011,Thursday,180,591,550,1804,230,755,14.78,0,36,Sunny,
20288,Store B,124,858,6732300,0,54293,7847,12/23/2011,12,2011,Friday,180,591,550,1804,230,755,14.75,1,33,Snowy,
20288,Store B,137,1135,8987300,0,65601,7918,12/24/2011,12,2011,Saturday,180,591,550,1804,230,755,14.72,1,27,Snowy,
20288,Store B,81,1015,7727800,0,95405,7614,12/25/2011,12,2011,Sunday,180,591,550,1804,230,755,14.69,1,25,Sunny,
20288,Store B,111,853,10335900,0,93116,12117,12/26/2011,12,2011,Monday,180,591,550,1804,230,755,14.69,0,25,Sunny,
20288,Store B,106,662,7253300,0,68427,10957,12/27/2011,12,2011,Tuesday,180,591,550,1804,230,755,14.7,0,32,Cloudy,
20288,Store B,115,700,6847700,0,59545,9782,12/28/2011,12,2011,Wednesday,180,591,550,1804,230,755,14.79,0,37,NA,
20288,Store B,117,1183,10220800,0,87357,8640,12/29/2011,12,2011,Thursday,180,591,550,1804,230,755,14.85,0,33,NA,
20288,Store B,122,1146,10376000,0,85049,9054,12/30/2011,12,2011,Friday,180,591,550,1804,230,755,14.85,0,33,NA,
20288,Store B,155,1340,14899100,0,96123,11119,12/31/2011,12,2011,Saturday,180,591,550,1804,230,755,14.95,0,35,NA,
20288,Store B,108,865,7433400,0,68828,8594,1/1/2012,1,2012,Monday,180,591,550,1804,230,755,15.07,0,32,Snowy,
20288,Store B,100,984,10663500,0,106635,10837,1/2/2012,1,2012,Tuesday,180,591,550,1804,230,755,15.07,0,30,NA,
20288,Store B,114,878,8938900,0,78411,10181,1/3/2012,1,2012,Wednesday,180,591,550,1804,230,755,15.02,0,33,Snowy,
20288,Store B,144,1311,14656000,0,101778,11179,1/4/2012,1,2012,Thursday,180,591,550,1804,230,755,14.95,0,26,NA,
20288,Store B,120,1144,11700100,0,97501,10227,1/5/2012,1,2012,Friday,180,591,550,1804,230,755,14.95,0,30,Sunny,
20288,Store B,98,714,10344900,0,105560,14489,1/6/2012,1,2012,Saturday,180,591,550,1804,230,755,14.98,0,33,Snowy,
20288,Store B,102,877,6127400,0,60073,6987,1/7/2012,1,2012,Sunday,180,591,550,1804,230,755,15.01,1,33,NA,
20288,Store B,131,1253,10197850,0,77846,8139,1/8/2012,1,2012,Monday,180,591,550,1804,230,755,15.06,1,33,NA,
20288,Store B,109,872,8923300,0,81865,10233,1/9/2012,1,2012,Tuesday,180,591,550,1804,230,755,15.07,1,35,NA,
20288,Store B,81,396,6104000,0,75358,15414,1/10/2012,1,2012,Wednesday,180,591,550,1804,230,755,15.09,0,35,NA,
20288,Store B,70,412,4743150,0,67759,11513,1/11/2012,1,2012,Thursday,180,591,550,1804,230,755,15.03,0,28,Sunny,
20288,Store B,75,757,6748300,0,89977,8915,1/12/2012,1,2012,Friday,180,591,550,1804,230,755,15.05,0,32,Snowy,
20288,Store B,79,496,5832200,205600,73825,11758,1/13/2012,1,2012,Saturday,180,591,550,1804,230,755,15.02,0,37,NA,
20288,Store B,102,742,7748800,212900,75969,10443,1/14/2012,1,2012,Sunday,180,591,550,1804,230,755,14.96,0,37,NA,
20288,Store B,138,1190,10240400,199200,74206,8605,1/15/2012,1,2012,Monday,180,591,550,1804,230,755,14.94,0,32,Sunny,
20288,Store B,109,1156,11123600,0,102051,9622,1/16/2012,1,2012,Tuesday,180,591,550,1804,230,755,14.94,0,44,NA,
20288,Store B,102,851,7021200,0,68835,8251,1/17/2012,1,2012,Wednesday,180,591,550,1804,230,755,15,0,44,Sunny,
20288,Store B,68,445,3004800,0,44188,6752,1/18/2012,1,2012,Thursday,180,591,550,1804,230,755,14.91,0,39,NA,
20288,Store B,98,943,8927200,0,91094,9467,1/19/2012,1,2012,Friday,180,591,550,1804,230,755,14.84,0,44,Rainy,
20288,Store B,80,479,5830300,0,72879,12172,1/20/2012,1,2012,Saturday,180,591,550,1804,230,755,14.76,0,46,Rainy,
20288,Store B,85,554,5684600,0,66878,10261,1/21/2012,1,2012,Saturday,180,591,550,1804,230,755,14.68,0,42,NA,
20288,Store B,59,614,4315800,0,73149,7029,1/22/2012,1,2012,Sunday,180,591,550,1804,230,755,14.7,0,24,NA,
20288,Store B,63,566,4866800,0,77251,8599,1/23/2012,1,2012,Monday,180,591,550,1804,230,755,14.7,0,23,Sunny,
20288,Store B,54,266,2562900,0,47461,9635,1/24/2012,1,2012,Tuesday,180,591,550,1804,230,755,14.7,0,28,Snowy,
20288,Store B,79,966,8619800,0,109111,8923,1/25/2012,1,2012,Wednesday,180,591,550,1804,230,755,14.58,0,24,Sunny,
20288,Store B,82,894,7757400,0,94602,8677,1/26/2012,1,2012,Thursday,180,591,550,1804,230,755,14.47,0,38,Snowy,
20288,Store B,107,812,9179600,0,85791,11305,1/27/2012,1,2012,Friday,180,591,550,1804,230,755,14.43,0,41,NA,
20288,Store B,136,1138,10187800,0,74910,8952,1/28/2012,1,2012,Saturday,180,591,550,1804,230,755,14.56,0,37,Sunny,
20288,Store B,126,873,8585100,0,68136,9834,1/29/2012,1,2012,Sunday,180,591,550,1804,230,755,14.57,0,37,Sunny,
20288,Store B,97,937,8858600,0,91326,9454,1/30/2012,1,2012,Monday,180,591,550,1804,230,755,14.58,0,29,Sunny,
20288,Store B,97,982,8006400,0,82540,8153,1/31/2012,1,2012,Tuesday,180,591,550,1804,230,755,14.68,0,29,Snowy,
20288,Store B,100,908,8621600,0,86216,9495,2/1/2012,2,2012,Wednesday,180,591,550,1804,230,755,14.71,0,20,Sunny,3168
20288,Store B,116,937,8840850,0,76214,9435,2/2/2012,2,2012,Thursday,180,591,550,1804,230,755,14.75,0,16,Sunny,2743
20288,Store B,128,1144,9527900,0,74437,8329,2/3/2012,2,2012,Friday,180,591,550,1804,230,755,14.71,0,30,Snowy,2841
20288,Store B,124,1021,7495500,96600,60448,7341,2/4/2012,2,2012,Saturday,180,591,550,1804,230,755,14.63,0,35,NA,4267
20288,Store B,131,1018,8767900,9600,66931,8613,2/5/2012,2,2012,Sunday,180,591,550,1804,230,755,14.51,0,40,Sunny,4626
20288,Store B,132,1019,9395350,34350,71177,9220,2/6/2012,2,2012,Monday,180,591,550,1804,230,755,14.55,0,42,NA,4069
20288,Store B,98,986,5315600,37200,54241,5391,2/7/2012,2,2012,Tuesday,180,591,550,1804,230,755,14.6,0,32,Sunny,
20288,Store B,119,826,8061735,296365,67746,9760,2/8/2012,2,2012,Wednesday,180,591,550,1804,230,755,14.57,0,25,Snowy,
20288,Store B,101,850,7572095,58405,74971,8908,2/9/2012,2,2012,Thursday,180,591,550,1804,230,755,14.48,0,34,Snowy,
20288,Store B,133,1060,8835700,166900,66434,8336,2/10/2012,2,2012,Friday,180,591,550,1804,230,755,14.44,0,36,Sunny,
20288,Store B,138,1161,12688730,231820,91947,10929,2/11/2012,2,2012,Saturday,180,591,550,1804,230,755,14.44,0,34,Sunny,
20288,Store B,110,1081,9126700,144000,82970,8443,2/12/2012,2,2012,Sunday,180,591,550,1804,230,755,14.46,0,40,Sunny,
20288,Store B,135,1249,9471940,212060,70163,7584,2/13/2012,2,2012,Monday,180,591,550,1804,230,755,14.45,0,46,NA,
20288,Store B,107,957,7190750,25000,67203,7514,2/14/2012,2,2012,Tuesday,180,591,550,1804,230,755,14.42,0,45,NA,3819
20288,Store B,109,959,7775500,56400,71335,8108,2/15/2012,2,2012,Wednesday,180,591,550,1804,230,755,14.41,0,36,NA,4064
20288,Store B,132,1106,10000900,106300,75764,9042,2/16/2012,2,2012,Thursday,180,591,550,1804,230,755,14.31,0,36,Sunny,3569
20288,Store B,135,1211,11773820,502680,87213,9722,2/17/2012,2,2012,Friday,180,591,550,1804,230,755,14.35,0,28,Sunny,4248
20288,Store B,137,1214,10068080,241420,73490,8293,2/18/2012,2,2012,Saturday,180,591,550,1804,230,755,14.2,0,27,Sunny,5102
20288,Store B,154,1284,14539000,277100,94409,11323,2/19/2012,2,2012,Sunday,180,591,550,1804,230,755,14.14,0,34,Sunny,4951
20288,Store B,161,1234,13385150,34950,83138,10847,2/20/2012,2,2012,Monday,180,591,550,1804,230,755,14.13,0,41,Sunny,4836
20288,Store B,146,1100,9023300,101700,61803,8203,2/21/2012,2,2012,Tuesday,180,591,550,1804,230,755,14.09,0,42,NA,4671
20288,Store B,152,1143,7347600,64700,48339,6428,2/22/2012,2,2012,Wednesday,180,591,550,1804,230,755,14.09,0,54,NA,4664
20288,Store B,165,1073,7211530,115370,43706,6721,2/23/2012,2,2012,Thursday,180,591,550,1804,230,755,14.06,0,46,NA,3936
20288,Store B,153,1563,10629205,162995,69472,6801,2/24/2012,2,2012,Friday,180,591,550,1804,230,755,14.06,0,50,NA,3606
20288,Store B,162,1320,14702520,159480,90756,11138,2/25/2012,2,2012,Saturday,180,591,550,1804,230,755,13.98,0,41,Cloudy,4788
20288,Store B,148,1202,12285310,305540,83009,10221,2/26/2012,2,2012,Sunday,180,591,550,1804,230,755,13.83,0,37,Sunny,4457
20288,Store B,163,1338,11613200,269200,71247,8680,2/27/2012,2,2012,Monday,180,591,550,1804,230,755,13.83,0,41,Sunny,3879
20288,Store B,157,1307,12046480,148220,76729,9217,2/28/2012,2,2012,Tuesday,180,591,550,1804,230,755,13.93,0,44,Sunny,3430
20288,Store B,123,1334,6322890,109260,51406,4740,2/29/2012,2,2012,Wednesday,180,591,550,1804,230,755,13.98,0,50,Sunny,3361
20288,Store B,118,932,5023700,60100,42574,5390,3/1/2012,3,2012,Thursday,180,591,550,1804,230,755,13.89,0,57,Cloudy,3009
20288,Store B,94,915,6714050,28400,71426,7338,3/2/2012,3,2012,Friday,180,591,550,1804,230,755,13.77,0,50,NA,4040
20288,Store B,156,1299,10981065,52985,70391,8453,3/3/2012,3,2012,Saturday,180,591,550,1804,230,755,13.68,0,53,Sunny,4889
20288,Store B,135,994,11486050,122250,85082,11555,3/4/2012,3,2012,Sunday,180,591,550,1804,230,755,13.61,0,50,Rainy,4024
20288,Store B,158,1296,8446200,22000,53457,6517,3/5/2012,3,2012,Monday,180,591,550,1804,230,755,13.46,0,48,Rainy,4107
20288,Store B,165,1729,12534335,53965,75966,7249,3/6/2012,3,2012,Tuesday,180,591,550,1804,230,755,13.6,0,41,Rainy,4140
20288,Store B,121,821,7068810,54090,58420,8610,3/7/2012,3,2012,Wednesday,180,591,550,1804,230,755,13.82,0,42,Sunny,4188
20288,Store B,132,1079,8506560,138290,64444,7884,3/8/2012,3,2012,Thursday,180,591,550,1804,230,755,13.89,0,42,NA,3277
20288,Store B,178,2165,12433220,3327880,69850,5743,3/9/2012,3,2012,Friday,180,591,550,1804,230,755,13.72,0,46,NA,3962
20288,Store B,223,2315,14565070,3761230,65314,6292,3/10/2012,3,2012,Saturday,180,591,550,1804,230,755,13.62,0,46,Sunny,5026
20288,Store B,223,2821,12344880,3962520,55358,4376,3/11/2012,3,2012,Sunday,180,591,550,1804,230,755,13.52,0,35,Snowy,5226
20288,Store B,141,1083,8312570,16680,58954,7676,3/12/2012,3,2012,Monday,180,591,550,1804,230,755,13.52,0,37,Sunny,5063
20288,Store B,180,1262,10759450,140250,59775,8526,3/13/2012,3,2012,Tuesday,180,591,550,1804,230,755,13.62,0,44,NA,4473
20288,Store B,132,1236,8842950,42350,66992,7154,3/14/2012,3,2012,Wednesday,180,591,550,1804,230,755,13.6,0,42,NA,4195
20288,Store B,167,1383,13389000,256200,80174,9681,3/15/2012,3,2012,Thursday,180,591,550,1804,230,755,13.51,0,53,Sunny,3707
20288,Store B,113,806,6155750,35900,54476,7637,3/16/2012,3,2012,Friday,180,591,550,1804,230,755,13.46,0,55,Rainy,3737
20288,Store B,161,1232,13893750,0,86297,11277,3/17/2012,3,2012,Saturday,180,591,550,1804,230,755,13.46,0,60,Rainy,
20288,Store B,139,1215,12854400,0,92478,10580,3/18/2012,3,2012,Sunday,180,591,550,1804,230,755,13.47,0,51,Sunny,
20288,Store B,165,1145,14307300,0,86711,12495,3/19/2012,3,2012,Monday,180,591,550,1804,230,755,13.47,0,44,Sunny,
20288,Store B,149,1096,12765200,0,85672,11647,3/20/2012,3,2012,Tuesday,180,591,550,1804,230,755,13.47,0,46,Sunny,
20288,Store B,152,1222,9548550,0,62819,7814,3/21/2012,3,2012,Wednesday,180,591,550,1804,230,755,13.46,0,50,Sunny,
20288,Store B,133,961,8154200,0,61310,8485,3/22/2012,3,2012,Thursday,180,591,550,1804,230,755,13.47,0,50,Cloudy,
20288,Store B,137,1193,9984100,0,72877,8369,3/23/2012,3,2012,Friday,180,591,550,1804,230,755,13.62,0,44,Cloudy,
20288,Store B,155,1090,13348400,0,86119,12246,3/24/2012,3,2012,Saturday,180,591,550,1804,230,755,13.72,0,46,Snowy,
20288,Store B,189,1572,14638100,0,77450,9312,3/25/2012,3,2012,Sunday,180,591,550,1804,230,755,13.64,0,46,Sunny,
20288,Store B,181,1656,13528700,0,74744,8170,3/26/2012,3,2012,Monday,180,591,550,1804,230,755,13.46,0,46,Sunny,
20288,Store B,149,1266,10706000,0,71852,8457,3/27/2012,3,2012,Tuesday,180,591,550,1804,230,755,13.61,0,53,Cloudy,
20288,Store B,135,948,7077500,0,52426,7466,3/28/2012,3,2012,Wednesday,180,591,550,1804,230,755,13.67,0,60,Cloudy,
20288,Store B,142,1127,11458350,0,80693,10167,3/29/2012,3,2012,Thursday,180,591,550,1804,230,755,13.69,0,60,Cloudy,
20288,Store B,183,1391,15837300,0,86543,11386,3/30/2012,3,2012,Friday,180,591,550,1804,230,755,13.78,0,53,Cloudy,
20288,Store B,176,1514,14516300,0,82479,9588,3/31/2012,3,2012,Saturday,180,591,550,1804,230,755,13.77,0,51,Sunny,
20288,Store B,169,1607,13465750,0,79679,8379,4/1/2012,4,2012,Sunday,180,591,550,1804,230,755,13.64,0,48,Sunny,
20288,Store B,175,1688,15273500,0,87277,9048,4/2/2012,4,2012,Monday,180,591,550,1804,230,755,13.63,0,60,Rainy,
20288,Store B,170,1777,14000150,-2800,82354,7879,4/3/2012,4,2012,Tuesday,180,591,550,1804,230,755,13.64,0,48,Rainy,
20288,Store B,136,1097,11698300,0,86017,10664,4/4/2012,4,2012,Wednesday,180,591,550,1804,230,755,13.67,0,53,Sunny,
20288,Store B,157,1206,10227690,0,65145,8481,4/5/2012,4,2012,Thursday,180,591,550,1804,230,755,13.66,0,51,Sunny,
20288,Store B,113,628,8690600,0,76908,13839,4/6/2012,4,2012,Friday,180,591,550,1804,230,755,13.72,0,50,Sunny,
20288,Store B,141,895,10651300,4,75541,11901,4/7/2012,4,2012,Saturday,180,591,550,1804,230,755,13.75,0,53,Sunny,
20288,Store B,135,773,9493200,0,70320,12281,4/8/2012,4,2012,Sunday,180,591,550,1804,230,755,13.79,0,62,Sunny,
20288,Store B,118,1154,9878100,0,83713,8560,4/9/2012,4,2012,Monday,180,591,550,1804,230,755,13.86,0,69,Sunny,
20288,Store B,86,648,6111700,0,71066,9432,4/10/2012,4,2012,Tuesday,180,591,550,1804,230,755,13.84,0,62,Rainy,
20288,Store B,106,1546,11230550,1,105949,7264,4/11/2012,4,2012,Wednesday,180,591,550,1804,230,755,13.95,0,64,Rainy,
20288,Store B,98,673,11118900,0,113458,16521,4/12/2012,4,2012,Thursday,180,591,550,1804,230,755,14.13,0,55,Cloudy,
20288,Store B,178,2356,17083320,3667080,95974,7251,4/13/2012,4,2012,Friday,180,591,550,1804,230,755,14.08,0,59,Sunny,
20288,Store B,206,2413,16415980,4031820,79689,6803,4/14/2012,4,2012,Saturday,180,591,550,1804,230,755,13.99,0,59,Cloudy,
20288,Store B,176,2174,15156180,2970720,86115,6972,4/15/2012,4,2012,Sunday,180,591,550,1804,230,755,13.96,0,68,Cloudy,
20288,Store B,115,1104,10210700,0,88789,9249,4/16/2012,4,2012,Monday,180,591,550,1804,230,755,13.79,0,62,Cloudy,
20288,Store B,138,1354,10367100,0,75124,7657,4/17/2012,4,2012,Tuesday,180,591,550,1804,230,755,14.01,0,64,Sunny,
20288,Store B,122,916,7125100,0,58402,7778,4/18/2012,4,2012,Wednesday,180,591,550,1804,230,755,14.09,0,68,Sunny,
20288,Store B,132,1150,8724900,0,66098,7587,4/19/2012,4,2012,Thursday,180,591,550,1804,230,755,13.99,0,75,Cloudy,
20288,Store B,140,1075,10598900,0,75706,9859,4/20/2012,4,2012,Friday,180,591,550,1804,230,755,13.97,0,73,Cloudy,
20288,Store B,112,1191,10283800,0,91820,8635,4/21/2012,4,2012,Saturday,180,591,550,1804,230,755,13.94,0,64,Rainy,
20288,Store B,128,1120,12630900,0,98679,11278,4/22/2012,4,2012,Sunday,180,591,550,1804,230,755,13.95,0,53,Rainy,
20288,Store B,149,1548,16818800,0,112878,10865,4/23/2012,4,2012,Monday,180,591,550,1804,230,755,13.94,0,66,Cloudy,
20288,Store B,115,1153,10280300,0,89394,8916,4/24/2012,4,2012,Tuesday,180,591,550,1804,230,755,14.04,0,80,Cloudy,
20288,Store B,69,522,4122800,0,59751,7898,4/25/2012,4,2012,Wednesday,180,591,550,1804,230,755,14.04,0,68,Rainy,
20288,Store B,71,497,4935300,0,69511,9930,4/26/2012,4,2012,Thursday,180,591,550,1804,230,755,13.99,0,60,Cloudy,
20288,Store B,70,793,7391300,0,105590,9321,4/27/2012,4,2012,Friday,180,591,550,1804,230,755,14,0,69,Sunny,
20288,Store B,100,928,7396200,0,73962,7970,4/28/2012,4,2012,Saturday,180,591,550,1804,230,755,14.02,1,69,Cloudy,
20288,Store B,143,1380,9911000,0,69308,7182,4/29/2012,4,2012,Sunday,180,591,550,1804,230,755,14.08,1,77,Cloudy,
20288,Store B,100,935,9982400,0,99824,10676,4/30/2012,4,2012,Monday,180,591,550,1804,230,755,14.08,1,84,Sunny,
20288,Store B,98,822,6475900,0,66081,7878,5/1/2012,5,2012,Tuesday,180,591,550,1804,230,755,14.1,0,80,Sunny,2444
20288,Store B,123,883,11228700,0,91290,12717,5/2/2012,5,2012,Wednesday,180,591,550,1804,230,755,14.12,0,82,Sunny,3727
20288,Store B,137,1030,12593200,0,91921,12226,5/3/2012,5,2012,Thursday,180,591,550,1804,230,755,14.07,1,77,Sunny,5936
20288,Store B,198,1836,20503900,0,103555,11168,5/4/2012,5,2012,Friday,180,591,550,1804,230,755,14.07,1,77,Sunny,2535
20288,Store B,132,970,10189000,0,77189,10504,5/5/2012,5,2012,Saturday,180,591,550,1804,230,755,14.13,1,75,Sunny,1205
20288,Store B,65,499,6274100,0,96525,12573,5/6/2012,5,2012,Sunday,180,591,550,1804,230,755,14.03,1,73,Sunny,2966
20288,Store B,84,521,6606300,0,78646,12680,5/7/2012,5,2012,Monday,180,591,550,1804,230,755,13.9,0,75,Sunny,3907
20288,Store B,93,847,7962200,0,85615,9400,5/8/2012,5,2012,Tuesday,180,591,550,1804,230,755,14.15,0,82,Sunny,2661
20288,Store B,87,912,7276400,0,83637,7979,5/9/2012,5,2012,Wednesday,180,591,550,1804,230,755,14.23,0,78,Sunny,2461
20288,Store B,80,710,8473300,-26290,105916,11934,5/10/2012,5,2012,Thursday,180,591,550,1804,230,755,14.31,0,78,Sunny,2341
20288,Store B,145,1292,10840470,2498730,74762,8390,5/11/2012,5,2012,Friday,180,591,550,1804,230,755,14.31,0,68,Cloudy,2735
20288,Store B,135,1206,8438830,1886070,62510,6997,5/12/2012,5,2012,Saturday,180,591,550,1804,230,755,14.34,0,69,Cloudy,3497
20288,Store B,131,1200,11089840,1614360,84655,9242,5/13/2012,5,2012,Sunday,180,591,550,1804,230,755,14.35,0,75,Cloudy,3793
20288,Store B,92,685,9735500,0,105821,14212,5/14/2012,5,2012,Monday,180,591,550,1804,230,755,14.35,0,62,Rainy,3881
20288,Store B,120,1006,15967400,16800,133062,15872,5/15/2012,5,2012,Tuesday,180,591,550,1804,230,755,14.39,0,69,Cloudy,3152
20288,Store B,105,816,8871500,0,84490,10872,5/16/2012,5,2012,Wednesday,180,591,550,1804,230,755,14.42,0,69,Sunny,2518
20288,Store B,99,1082,10743822,0,108523,9930,5/17/2012,5,2012,Thursday,180,591,550,1804,230,755,14.48,0,68,Rainy,2844
20288,Store B,124,991,11864900,0,95685,11973,5/18/2012,5,2012,Friday,180,591,550,1804,230,755,14.54,0,75,Sunny,3682
20288,Store B,165,1300,13510600,0,81882,10393,5/19/2012,5,2012,Saturday,180,591,550,1804,230,755,14.74,0,77,Sunny,3822
20288,Store B,164,1538,18419500,0,112314,11976,5/20/2012,5,2012,Sunday,180,591,550,1804,230,755,14.76,0,80,Sunny,3748
20288,Store B,149,1184,15138900,3600,101603,12786,5/21/2012,5,2012,Monday,180,591,550,1804,230,755,14.76,0,84,Sunny,3108
20288,Store B,119,847,12219000,0,102681,14426,5/22/2012,5,2012,Tuesday,180,591,550,1804,230,755,14.72,0,82,Sunny,3720
20288,Store B,99,707,7910100,0,79900,11188,5/23/2012,5,2012,Wednesday,180,591,550,1804,230,755,14.61,0,80,Sunny,3033
20288,Store B,134,1182,13654300,0,101898,11552,5/24/2012,5,2012,Thursday,180,591,550,1804,230,755,14.74,0,73,Sunny,3104
20288,Store B,151,1599,16884150,0,111816,10559,5/25/2012,5,2012,Friday,180,591,550,1804,230,755,14.81,0,78,Sunny,3849
20288,Store B,191,1807,14000200,0,73299,7748,5/26/2012,5,2012,Saturday,180,591,550,1804,230,755,14.85,0,80,Sunny,4724
20288,Store B,178,1815,21434300,0,120417,11810,5/27/2012,5,2012,Sunday,180,591,550,1804,230,755,14.85,0,71,Rainy,4230
20288,Store B,148,1362,12633800,7800,85364,9276,5/28/2012,5,2012,Monday,180,591,550,1804,230,755,14.73,0,78,Rainy,2411
20288,Store B,109,870,9114100,0,83616,10476,5/29/2012,5,2012,Tuesday,180,591,550,1804,230,755,14.67,0,77,Sunny,3339
20288,Store B,147,910,11040100,4200,75103,12132,5/30/2012,5,2012,Wednesday,180,591,550,1804,230,755,14.8,0,77,Rainy,3266
20288,Store B,90,854,7908900,6000,87877,9261,5/31/2012,5,2012,Thursday,180,591,550,1804,230,755,14.86,0,78,Cloudy,2751
20288,Store B,130,1228,10457530,3548370,80443,8516,6/1/2012,6,2012,Friday,180,591,550,1804,230,755,14.98,0,78,Sunny,3125
20288,Store B,195,1740,12314390,4361310,63151,7077,6/2/2012,6,2012,Saturday,180,591,550,1804,230,755,15.07,0,80,Sunny,3674
20288,Store B,143,1983,9187960,3037140,64251,4633,6/3/2012,6,2012,Sunday,180,591,550,1804,230,755,15.14,0,80,Sunny,3220
20288,Store B,91,924,10173850,-13800,111801,11011,6/4/2012,6,2012,Monday,180,591,550,1804,230,755,15.02,0,82,Cloudy,2923
20288,Store B,103,1267,14205400,0,137917,11212,6/5/2012,6,2012,Tuesday,180,591,550,1804,230,755,15.11,0,78,cloudy,3165
20288,Store B,110,930,9604300,0,87312,10327,6/6/2012,6,2012,Wednesday,180,591,550,1804,230,755,15.02,0,82,cloudy,2669
20288,Store B,114,971,10908900,3600,95692,11235,6/7/2012,6,2012,Thursday,180,591,550,1804,230,755,14.86,0,82,Sunny,3608
20288,Store B,114,1041,11230450,0,98513,10788,6/8/2012,6,2012,Friday,180,591,550,1804,230,755,14.7,0,80,Sunny,4283
20288,Store B,147,1063,12697000,0,86374,11944,6/9/2012,6,2012,Saturday,180,591,550,1804,230,755,14.75,0,84,cloudy,4461
20288,Store B,137,1008,13540100,26600,98833,13433,6/10/2012,6,2012,Sunday,180,591,550,1804,230,755,14.56,0,80,Sunny,4572
20288,Store B,144,1149,11845500,2200,82260,10309,6/11/2012,6,2012,Monday,180,591,550,1804,230,755,14.39,0,82,cloudy,3188
20288,Store B,87,776,7815450,18000,89833,10071,6/12/2012,6,2012,Tuesday,180,591,550,1804,230,755,14.53,0,86,cloudy,3134
20288,Store B,100,689,7199200,0,71992,10449,6/13/2012,6,2012,Wednesday,180,591,550,1804,230,755,14.71,0,82,Sunny,3006
20288,Store B,102,978,10011500,5900,98152,10237,6/14/2012,6,2012,Thursday,180,591,550,1804,230,755,14.66,0,87,Sunny,3394
20288,Store B,122,1161,11808500,11800,96791,10171,6/15/2012,6,2012,Friday,180,591,550,1804,230,755,14.68,0,82,Sunny,4615
20288,Store B,176,1286,12982150,0,73762,10095,6/16/2012,6,2012,Saturday,180,591,550,1804,230,755,14.73,0,84,cloudy,5129
20288,Store B,173,1387,18383650,41300,106264,13254,6/17/2012,6,2012,Sunday,180,591,550,1804,230,755,14.58,0,84,Sunny,4139
20288,Store B,120,1253,12645800,5900,105382,10092,6/18/2012,6,2012,Monday,180,591,550,1804,230,755,14.43,0,84,Sunny,2911
20288,Store B,118,824,9114950,13580,77245,11062,6/19/2012,6,2012,Tuesday,180,591,550,1804,230,755,14.49,0,91,Sunny,3263
20288,Store B,127,1133,8702500,29500,68524,7681,6/20/2012,6,2012,Wednesday,180,591,550,1804,230,755,14.62,0,87,rainy,3080
20288,Store B,112,868,8891300,9900,79387,10243,6/21/2012,6,2012,Thursday,180,591,550,1804,230,755,14.55,0,87,Sunny,3778
20288,Store B,150,1121,14347170,5300,95648,12799,6/22/2012,6,2012,Friday,180,591,550,1804,230,755,14.42,0,82,Sunny,4749
20288,Store B,154,2312,14678700,55700,95316,6349,6/23/2012,6,2012,Saturday,180,591,550,1804,230,755,14.39,0,86,rainy,4329
20288,Store B,170,1672,16759250,41300,98584,10023,6/24/2012,6,2012,Sunday,180,591,550,1804,230,755,14.17,0,91,Sunny,4265
20288,Store B,146,1297,9966450,23600,68263,7684,6/25/2012,6,2012,Monday,180,591,550,1804,230,755,14.38,0,89,Sunny,2809
20288,Store B,99,784,6764600,17700,68329,8628,6/26/2012,6,2012,Tuesday,180,591,550,1804,230,755,14.51,0,87,Sunny,3714
20288,Store B,114,658,6992950,17700,61342,10628,6/27/2012,6,2012,Wednesday,180,591,550,1804,230,755,14.56,0,86,Sunny,3400
20288,Store B,119,817,8238100,15900,69228,10083,6/28/2012,6,2012,Thursday,180,591,550,1804,230,755,14.52,0,84,Sunny,3244
20288,Store B,131,1174,11357100,29500,86695,9674,6/29/2012,6,2012,Friday,180,591,550,1804,230,755,14.53,0,87,rainy,3721
20288,Store B,141,1331,12179600,11800,86380,9151,6/30/2012,6,2012,Saturday,180,591,550,1804,230,755,14.54,0,75,rainy,4313
20288,Store B,164,1539,16996800,41300,103639,11044,7/1/2012,7,2012,Sunday,180,591,550,1804,230,755,14.15,0,77,cloudy,4848
20288,Store B,103,1062,13061600,29500,126812,12299,7/2/2012,7,2012,Monday,180,591,550,1804,230,755,13.95,0,84,cloudy,3055
20288,Store B,84,680,8705200,17700,103633,12802,7/3/2012,7,2012,Tuesday,180,591,550,1804,230,755,14.21,0,78,rainy,3535
20288,Store B,100,527,10582200,29500,105822,20080,7/4/2012,7,2012,Wednesday,180,591,550,1804,230,755,14.25,0,78,cloudy,3549
20288,Store B,88,660,7422200,11800,84343,11246,7/5/2012,7,2012,Thursday,180,591,550,1804,230,755,14.22,0,77,rainy,3665
20288,Store B,141,1584,11854550,3055100,84075,7484,7/6/2012,7,2012,Friday,180,591,550,1804,230,755,14.2,0,73,rainy,4466
20288,Store B,191,1764,15762720,3916180,82527,8936,7/7/2012,7,2012,Saturday,180,591,550,1804,230,755,14.25,0,86,Sunny,5122
20288,Store B,247,2593,18426350,4897550,74601,7106,7/8/2012,7,2012,Sunday,180,591,550,1804,230,755,14.23,0,86,Sunny,5051
20288,Store B,130,1072,12170400,23600,93618,11353,7/9/2012,7,2012,Monday,180,591,550,1804,230,755,14.11,0,87,cloudy,3463
20288,Store B,77,725,4718550,11800,61280,6508,7/10/2012,7,2012,Tuesday,180,591,550,1804,230,755,14.24,0,84,rainy,3337
20288,Store B,93,681,8403000,29500,90355,12339,7/11/2012,7,2012,Wednesday,180,591,550,1804,230,755,14.36,0,78,rainy,3700
20288,Store B,94,694,8670100,17700,92235,12493,7/12/2012,7,2012,Thursday,180,591,550,1804,230,755,14.36,0,82,rainy,3084
20288,Store B,121,719,11020800,6000,91081,15328,7/13/2012,7,2012,Friday,180,591,550,1804,230,755,14.47,0,84,rainy,3159
20288,Store B,141,970,12792900,11800,90730,13189,7/14/2012,7,2012,Saturday,180,591,550,1804,230,755,14.5,1,78,rainy,4462
20288,Store B,138,1160,13422100,17200,97262,11571,7/15/2012,7,2012,Sunday,180,591,550,1804,230,755,14.3,1,69,rainy,2858
20288,Store B,155,1156,11473200,12000,74021,9925,7/16/2012,7,2012,Monday,180,591,550,1804,230,755,14.13,1,77,rainy,2008
20288,Store B,88,593,7355700,5900,83588,12404,7/17/2012,7,2012,Tuesday,180,591,550,1804,230,755,14.38,0,86,rainy,1853
20288,Store B,82,462,6801200,0,82941,14721,7/18/2012,7,2012,Wednesday,180,591,550,1804,230,755,14.47,0,84,rainy,1731
20288,Store B,67,531,6317800,0,94296,11898,7/19/2012,7,2012,Thursday,180,591,550,1804,230,755,14.45,0,80,rainy,2041
20288,Store B,88,617,8954100,0,101751,14512,7/20/2012,7,2012,Friday,180,591,550,1804,230,755,14.47,0,84,Sunny,2676
20288,Store B,136,1058,13357400,0,98216,12625,7/21/2012,7,2012,Saturday,180,591,550,1804,230,755,14.51,0,87,Sunny,3667
20288,Store B,115,972,10352900,5900,90025,10651,7/22/2012,7,2012,Sunday,180,591,550,1804,230,755,14.5,0,87,rainy,3563
20288,Store B,98,1061,9247900,0,94366,8716,7/23/2012,7,2012,Monday,180,591,550,1804,230,755,14.54,0,87,Cloudy,2454
20288,Store B,92,780,6553900,11800,71238,8402,7/24/2012,7,2012,Tuesday,180,591,550,1804,230,755,14.65,0,87,Cloudy,2571
20288,Store B,87,642,7017500,5900,80661,10931,7/25/2012,7,2012,Wednesday,180,591,550,1804,230,755,14.66,0,87,Sunny,3201
20288,Store B,99,764,8394700,17700,84795,10988,7/26/2012,7,2012,Thursday,180,591,550,1804,230,755,14.69,0,87,Cloudy,3016
20288,Store B,98,519,6029400,11800,61524,11617,7/27/2012,7,2012,Friday,180,591,550,1804,230,755,14.66,0,89,Sunny,2869
20288,Store B,126,874,9156500,-4200,72671,10477,7/28/2012,7,2012,Saturday,180,591,550,1804,230,755,14.54,0,89,Sunny,3176
20288,Store B,99,1125,13383500,5900,135187,11896,7/29/2012,7,2012,Sunday,180,591,550,1804,230,755,14.5,0,91,Sunny,3500
20288,Store B,126,850,10641900,5900,84460,12520,7/30/2012,7,2012,Monday,180,591,550,1804,230,755,14.33,0,87,Rainy,2198
20288,Store B,90,922,6883800,11800,76487,7466,7/31/2012,7,2012,Tuesday,180,591,550,1804,230,755,14.41,0,89,Sunny,2627
20288,Store B,103,771,7332000,17700,71184,9510,8/1/2012,8,2012,Wednesday,180,591,550,1804,230,755,14.46,0,95,Cloudy,2957
20288,Store B,128,1568,13667200,17700,106775,8716,8/2/2012,8,2012,Thursday,180,591,550,1804,230,755,14.41,0,96,Sunny,2781
20288,Store B,98,703,9653000,0,98500,13731,8/3/2012,8,2012,Friday,180,591,550,1804,230,755,14.42,0,96,Sunny,2028
20288,Store B,90,728,5892300,17800,65470,8094,8/4/2012,8,2012,Saturday,180,591,550,1804,230,755,14.46,0,96,Sunny,2168
20288,Store B,107,1007,11488000,23600,107364,11408,8/5/2012,8,2012,Sunday,180,591,550,1804,230,755,14.33,0,96,Sunny,2730
20288,Store B,82,1657,10732200,11800,130880,6477,8/6/2012,8,2012,Monday,180,591,550,1804,230,755,14.03,0,95,Sunny,2515
20288,Store B,108,935,9052850,11800,83823,9682,8/7/2012,8,2012,Tuesday,180,591,550,1804,230,755,14.25,0,95,Rainy,3106
20288,Store B,95,795,7018500,0,73879,8828,8/8/2012,8,2012,Wednesday,180,591,550,1804,230,755,14.36,0,93,Sunny,2987
20288,Store B,112,775,9187800,0,82034,11855,8/9/2012,8,2012,Thursday,180,591,550,1804,230,755,14.37,0,95,Sunny,2966
20288,Store B,113,677,8190950,0,72486,12099,8/10/2012,8,2012,Friday,180,591,550,1804,230,755,14.34,0,84,Rainy,2275
20288,Store B,116,1210,12531600,0,108031,10357,8/11/2012,8,2012,Saturday,180,591,550,1804,230,755,14.41,0,87,Cloudy,3664
20288,Store B,114,1249,13786400,-111500,120933,11038,8/12/2012,8,2012,Sunday,180,591,550,1804,230,755,14.43,0,82,Rainy,4893
20288,Store B,163,1437,16419800,0,100735,11426,8/13/2012,8,2012,Monday,180,591,550,1804,230,755,14.44,0,91,Rainy,3643
20288,Store B,140,1284,15189400,8000,108496,11830,8/14/2012,8,2012,Tuesday,180,591,550,1804,230,755,14.41,0,87,Rainy,3521
20288,Store B,121,1024,11428500,5900,94450,11161,8/15/2012,8,2012,Wednesday,180,591,550,1804,230,755,14.38,0,80,Rainy,4631
20288,Store B,147,1309,12230900,0,83203,9344,8/16/2012,8,2012,Thursday,180,591,550,1804,230,755,14.36,0,84,Sunny,4406
20288,Store B,205,2158,15381910,3089540,75034,7128,8/17/2012,8,2012,Friday,180,591,550,1804,230,755,14.3,0,89,Cloudy,3618
20288,Store B,159,1834,14095350,2577650,88650,7686,8/18/2012,8,2012,Saturday,180,591,550,1804,230,755,14.28,0,84,Rainy,3769
20288,Store B,209,2079,14478010,2726090,69273,6964,8/19/2012,8,2012,Sunday,180,591,550,1804,230,755,14.26,0,87,Rainy,4768
20288,Store B,135,805,9107300,0,67461,11313,8/20/2012,8,2012,Monday,180,591,550,1804,230,755,14.26,0,80,Rainy,4178
20288,Store B,117,789,7898750,0,67511,10011,8/21/2012,8,2012,Tuesday,180,591,550,1804,230,755,14.27,0,84,Rainy,3626
20288,Store B,149,1235,13908100,0,93343,11262,8/22/2012,8,2012,Wednesday,180,591,550,1804,230,755,14.23,0,75,Rainy,3295
20288,Store B,134,962,12051650,4200,89938,12528,8/23/2012,8,2012,Thursday,180,591,550,1804,230,755,14.24,0,78,Cloudy,3133
20288,Store B,128,1321,13742100,0,107360,10403,8/24/2012,8,2012,Friday,180,591,550,1804,230,755,14.39,0,80,Rainy,2765
20288,Store B,134,1328,15075700,0,112505,11352,8/25/2012,8,2012,Saturday,180,591,550,1804,230,755,14.42,0,84,Rainy,3594
20288,Store B,198,1526,24246100,0,122455,15889,8/26/2012,8,2012,Sunday,180,591,550,1804,230,755,14.3,0,89,Cloudy,6488
20288,Store B,197,1524,19239200,0,97661,12624,8/27/2012,8,2012,Monday,180,591,550,1804,230,755,14.12,0,91,Cloudy,5387
20288,Store B,128,1116,9452400,0,73847,8470,8/28/2012,8,2012,Tuesday,180,591,550,1804,230,755,14.3,0,84,Rainy,4533
20288,Store B,178,1783,14845400,0,83401,8326,8/29/2012,8,2012,Wednesday,180,591,550,1804,230,755,14.44,0,84,Rainy,4436
20288,Store B,139,1217,13713950,0,98662,11269,8/30/2012,8,2012,Thursday,180,591,550,1804,230,755,14.42,0,75,Rainy,3997
20288,Store B,165,1595,19353600,71500,117295,12134,8/31/2012,8,2012,Friday,180,591,550,1804,230,755,14.41,0,82,Sunny,2718
20288,Store B,195,1836,18425850,0,94492,10036,9/1/2012,9,2012,Saturday,180,591,550,1804,230,755,14.44,0,82,Sunny,3543
20288,Store B,184,1651,22594600,0,122797,13685,9/2/2012,9,2012,Sunday,180,591,550,1804,230,755,14.4,0,84,Sunny,5250
20288,Store B,166,1359,14812950,0,89235,10900,9/3/2012,9,2012,Monday,180,591,550,1804,230,755,14.44,0,82,Sunny,4036
20288,Store B,144,1104,11026000,0,76569,9987,9/4/2012,9,2012,Tuesday,180,591,550,1804,230,755,14.45,0,73,Rainy,3686
20288,Store B,194,1295,12234750,0,63066,9448,9/5/2012,9,2012,Wednesday,180,591,550,1804,230,755,14.44,0,77,Rainy,6226
20288,Store B,148,1584,16798000,-303040,113500,10605,9/6/2012,9,2012,Thursday,180,591,550,1804,230,755,14.47,0,78,Sunny,3448
20288,Store B,187,1698,11478680,3303520,61383,6760,9/7/2012,9,2012,Friday,180,591,550,1804,230,755,14.42,0,80,Cloudy,4374
20288,Store B,181,1317,12917010,2322440,71365,9808,9/8/2012,9,2012,Saturday,180,591,550,1804,230,755,14.35,0,73,Rainy,4886
20288,Store B,194,1831,16872100,3850150,86970,9215,9/9/2012,9,2012,Sunday,180,591,550,1804,230,755,14.28,0,77,Cloudy,4923
20288,Store B,154,1722,12985100,0,84319,7541,9/10/2012,9,2012,Monday,180,591,550,1804,230,755,14,0,80,Sunny,3936
20288,Store B,133,1028,11043600,0,83035,10743,9/11/2012,9,2012,Tuesday,180,591,550,1804,230,755,14.26,0,82,Sunny,3984
20288,Store B,168,1392,13645600,0,81224,9803,9/12/2012,9,2012,Wednesday,180,591,550,1804,230,755,14.45,0,77,Cloudy,3601
20288,Store B,115,1183,10923900,0,94990,9234,9/13/2012,9,2012,Thursday,180,591,550,1804,230,755,14.46,0,69,Rainy,2668
20288,Store B,129,1100,12728000,0,98667,11571,9/14/2012,9,2012,Friday,180,591,550,1804,230,755,14.51,0,69,Rainy,3175
20288,Store B,187,1344,16473900,-10000,88096,12257,9/15/2012,9,2012,Saturday,180,591,550,1804,230,755,14.36,1,77,Cloudy,4434
20288,Store B,159,1256,18237900,-42500,114704,14521,9/16/2012,9,2012,Sunday,180,591,550,1804,230,755,14.14,1,71,Rainy,3207
20288,Store B,116,1175,12463300,-34590,107442,10607,9/17/2012,9,2012,Monday,180,591,550,1804,230,755,14.23,1,64,Rainy,3962
20288,Store B,166,1153,12414400,0,74786,10767,9/18/2012,9,2012,Tuesday,180,591,550,1804,230,755,14.21,0,75,Cloudy,3649
20288,Store B,126,741,8569500,0,68012,11565,9/19/2012,9,2012,Wednesday,180,591,550,1804,230,755,14.2,0,77,Sunny,2655
20288,Store B,141,1548,11255950,0,79829,7271,9/20/2012,9,2012,Thursday,180,591,550,1804,230,755,14.17,0,75,Rainy,2829
20288,Store B,130,1148,11126500,0,85588,9692,9/21/2012,9,2012,Friday,180,591,550,1804,230,755,14.3,0,75,Cloudy,2851
20288,Store B,170,1682,16287000,0,95806,9683,9/22/2012,9,2012,Saturday,180,591,550,1804,230,755,14.3,1,78,Sunny,3169
20288,Store B,105,610,7575400,0,72147,12419,9/23/2012,9,2012,Sunday,180,591,550,1804,230,755,14.19,1,78,Cloudy,3195
20288,Store B,149,1611,15380600,0,103226,9547,9/24/2012,9,2012,Monday,180,591,550,1804,230,755,14.3,1,80,Sunny,4327
20288,Store B,154,1406,14780500,0,95977,10512,9/25/2012,9,2012,Tuesday,180,591,550,1804,230,755,14.35,0,80,Sunny,3676
20288,Store B,138,851,11211000,0,81239,13174,9/26/2012,9,2012,Wednesday,180,591,550,1804,230,755,14.36,0,77,Sunny,2535
20288,Store B,140,870,9456700,0,67548,10870,9/27/2012,9,2012,Thursday,180,591,550,1804,230,755,14.39,0,73,Cloudy,1633
20288,Store B,71,576,7463000,0,105113,12957,9/28/2012,9,2012,Friday,180,591,550,1804,230,755,14.37,0,71,Rainy,1732
20288,Store B,77,727,6662700,0,86529,9165,9/29/2012,9,2012,Saturday,180,591,550,1804,230,755,14.32,0,66,Rainy,1886
20288,Store B,80,554,6873700,0,85921,12407,9/30/2012,9,2012,Sunday,180,591,550,1804,230,755,14.19,0,68,Sunny,1656
20288,Store B,79,646,7374600,0,93349,11416,10/1/2012,10,2012,Monday,180,591,550,1804,230,755,14.06,0,73,Sunny,1219
20288,Store B,104,914,8573700,-53000,82439,9380,10/2/2012,10,2012,Tuesday,180,591,550,1804,230,755,14.19,0,75,Sunny,
20288,Store B,93,875,7115000,9000,76505,8131,10/3/2012,10,2012,Wednesday,180,591,550,1804,230,755,14.24,0,77,Sunny,
20288,Store B,70,475,5548300,0,79261,11681,10/4/2012,10,2012,Thursday,180,591,550,1804,230,755,14.2,0,75,Cloudy,
20288,Store B,117,1043,12082090,1847910,103266,11584,10/5/2012,10,2012,Friday,180,591,550,1804,230,755,14.16,0,71,Sunny,
20288,Store B,129,1535,13566490,3689960,105167,8838,10/6/2012,10,2012,Saturday,180,591,550,1804,230,755,14.12,1,75,Sunny,
20288,Store B,202,1862,16507150,3815400,81719,8865,10/7/2012,10,2012,Sunday,180,591,550,1804,230,755,14.09,1,75,Sunny,
20288,Store B,104,637,8389200,0,80665,13170,10/8/2012,10,2012,Monday,180,591,550,1804,230,755,13.89,1,73,Sunny,2539
20288,Store B,115,765,9912600,0,86197,12958,10/9/2012,10,2012,Tuesday,180,591,550,1804,230,755,14.03,0,71,Cloudy,2897
20288,Store B,100,575,8396300,-18850,83963,14602,10/10/2012,10,2012,Wednesday,180,591,550,1804,230,755,14.18,0,69,Rainy,2482
20288,Store B,85,979,6957450,-28200,81852,7107,10/11/2012,10,2012,Thursday,180,591,550,1804,230,755,14.22,0,66,Sunny,2101
20288,Store B,119,810,12367700,7200,103930,15269,10/12/2012,10,2012,Friday,180,591,550,1804,230,755,14.22,0,69,Sunny,3964
20288,Store B,147,968,13475300,0,91669,13921,10/13/2012,10,2012,Saturday,180,591,550,1804,230,755,14.16,0,73,Sunny,3274
20288,Store B,135,883,10631000,0,78748,12040,10/14/2012,10,2012,Sunday,180,591,550,1804,230,755,14.04,0,69,Cloudy,3728
20288,Store B,127,990,11120500,0,87563,11233,10/15/2012,10,2012,Monday,180,591,550,1804,230,755,14.14,0,68,Sunny,2711
20288,Store B,105,815,8999400,0,85709,11042,10/16/2012,10,2012,Tuesday,180,591,550,1804,230,755,14.13,0,75,Cloudy,3038
20288,Store B,132,1085,12020500,28800,91064,11079,10/17/2012,10,2012,Wednesday,180,591,550,1804,230,755,14.03,0,62,Rainy,2596
20288,Store B,117,945,11353550,-3000,97039,12014,10/18/2012,10,2012,Thursday,180,591,550,1804,230,755,14.01,0,60,Sunny,2431
20288,Store B,121,924,11065550,0,91451,11976,10/19/2012,10,2012,Friday,180,591,550,1804,230,755,13.94,0,66,Sunny,2961
20288,Store B,164,930,13521200,28700,82446,14539,10/20/2012,10,2012,Saturday,180,591,550,1804,230,755,13.92,0,68,Cloudy,3561
20288,Store B,117,903,11416150,21000,97574,12642,10/21/2012,10,2012,Sunday,180,591,550,1804,230,755,13.78,0,73,Cloudy,3561
20288,Store B,109,1052,11086050,78300,101707,10538,10/22/2012,10,2012,Monday,180,591,550,1804,230,755,13.82,0,64,Rainy,2842
20288,Store B,77,367,5875400,0,76304,16009,10/23/2012,10,2012,Tuesday,180,591,550,1804,230,755,13.85,0,57,Sunny,2957
20288,Store B,115,1220,15022300,0,130629,12313,10/24/2012,10,2012,Wednesday,180,591,550,1804,230,755,13.8,0,64,Sunny,2297
20288,Store B,155,1159,12027200,0,77595,10377,10/25/2012,10,2012,Thursday,180,591,550,1804,230,755,13.81,0,68,Sunny,2635
20288,Store B,106,777,9286100,0,87605,11951,10/26/2012,10,2012,Friday,180,591,550,1804,230,755,13.72,0,69,Cloudy,3027
20288,Store B,107,1081,12745700,0,119119,11791,10/27/2012,10,2012,Saturday,180,591,550,1804,230,755,13.7,0,62,Rainy,3043
20288,Store B,136,1059,13328400,0,98003,12586,10/28/2012,10,2012,Sunday,180,591,550,1804,230,755,13.62,0,64,Sunny,2798
20288,Store B,120,800,10912300,0,90936,13640,10/29/2012,10,2012,Monday,180,591,550,1804,230,755,13.41,0,59,Cloudy,2349
20288,Store B,103,615,9335500,0,90636,15180,10/30/2012,10,2012,Tuesday,180,591,550,1804,230,755,13.61,0,51,Sunny,2137
20288,Store B,101,793,8274850,0,81929,10435,10/31/2012,10,2012,Wednesday,180,591,550,1804,230,755,13.71,0,51,Rainy,1628
20288,Store B,100,580,6624400,0,66244,11421,11/1/2012,11,2012,Thursday,180,591,550,1804,230,755,13.66,0,50,Sunny,1857
20288,Store B,106,730,7966540,756860,75156,10913,11/2/2012,11,2012,Friday,180,591,550,1804,230,755,13.62,0,51,Sunny,1870
20288,Store B,150,1474,13859210,1884110,92395,9402,11/3/2012,11,2012,Saturday,180,591,550,1804,230,755,13.57,0,57,Sunny,2178
20288,Store B,68,454,5899820,1319580,86762,12995,11/4/2012,11,2012,Sunday,180,591,550,1804,230,755,13.46,0,59,Rainy,2112
20288,Store B,115,1138,10245490,2821710,89091,9003,11/5/2012,11,2012,Monday,180,591,550,1804,230,755,13.38,0,51,Rainy,2302
20288,Store B,70,549,5509800,0,78711,10036,11/6/2012,11,2012,Tuesday,180,591,550,1804,230,755,13.58,0,48,Rainy,2017
20288,Store B,97,601,4804400,3600,49530,7994,11/7/2012,11,2012,Wednesday,180,591,550,1804,230,755,13.58,0,53,Sunny,1926
20288,Store B,89,544,7470500,0,83938,13733,11/8/2012,11,2012,Thursday,180,591,550,1804,230,755,13.55,0,57,Cloudy,2052
20288,Store B,80,607,6034300,0,75429,9941,11/9/2012,11,2012,Friday,180,591,550,1804,230,755,13.63,0,55,Cloudy,2639
20288,Store B,129,882,10841900,0,84046,12292,11/10/2012,11,2012,Saturday,180,591,550,1804,230,755,13.69,0,59,Cloudy,2730
20288,Store B,94,938,7293100,0,77586,7775,11/11/2012,11,2012,Sunday,180,591,550,1804,230,755,13.53,0,55,Rainy,2435
20288,Store B,83,678,6209200,10800,74810,9158,11/12/2012,11,2012,Monday,180,591,550,1804,230,755,13.31,0,48,Rainy,2317
20288,Store B,83,477,5660400,0,68198,11867,11/13/2012,11,2012,Tuesday,180,591,550,1804,230,755,13.54,0,48,Snowy,2356
20288,Store B,72,609,5079800,0,70553,8341,11/14/2012,11,2012,Wednesday,180,591,550,1804,230,755,13.71,0,42,Snowy,1760
20288,Store B,65,406,4523000,0,69585,11140,11/15/2012,11,2012,Thursday,180,591,550,1804,230,755,13.59,0,48,Sunny,2172
20288,Store B,82,432,6075900,0,74096,14065,11/16/2012,11,2012,Friday,180,591,550,1804,230,755,13.44,0,48,Rainy,4056
20288,Store B,158,1134,13101600,0,82922,11553,11/17/2012,11,2012,Saturday,180,591,550,1804,230,755,13.43,0,46,Rainy,3262
20288,Store B,109,910,8044300,0,73801,8840,11/18/2012,11,2012,Sunday,180,591,550,1804,230,755,13.38,0,44,Sunny,2359
20288,Store B,93,1090,8228400,0,88477,7549,11/19/2012,11,2012,Monday,180,591,550,1804,230,755,13.42,0,46,Rainy,2617
20288,Store B,74,548,5779200,0,78097,10546,11/20/2012,11,2012,Tuesday,180,591,550,1804,230,755,13.38,0,42,Sunny,2159
20288,Store B,75,862,5188200,0,69176,6019,11/21/2012,11,2012,Wednesday,180,591,550,1804,230,755,13.29,0,46,Cloudy,3059
20288,Store B,96,704,9055500,3600,94328,12863,11/22/2012,11,2012,Thursday,180,591,550,1804,230,755,13.17,0,50,Rainy,3318
20288,Store B,135,1262,13085600,-112400,96930,10369,11/23/2012,11,2012,Friday,180,591,550,1804,230,755,13.13,1,41,Sunny,3771
20288,Store B,161,1036,9863250,0,61262,9521,11/24/2012,11,2012,Saturday,180,591,550,1804,230,755,13.18,1,42,Sunny,1783
20288,Store B,103,776,8790800,0,85348,11328,11/25/2012,11,2012,Sunday,180,591,550,1804,230,755,13,1,44,Rainy,2713
20288,Store B,84,355,3447800,0,41045,9712,11/26/2012,11,2012,Monday,180,591,550,1804,230,755,12.83,0,41,Snowy,2489
20288,Store B,74,617,4038450,0,54574,6545,11/27/2012,11,2012,Tuesday,180,591,550,1804,230,755,13.07,0,42,Sunny,2485
20288,Store B,80,826,5290000,0,66125,6404,11/28/2012,11,2012,Wednesday,180,591,550,1804,230,755,13.2,0,51,Rainy,2431
20288,Store B,65,382,3605400,6000,55468,9438,11/29/2012,11,2012,Thursday,180,591,550,1804,230,755,13.25,0,39,Sunny,2332
20288,Store B,84,498,6021600,-5000,71686,12092,11/30/2012,11,2012,Friday,180,591,550,1804,230,755,13.19,0,42,Rainy,2129
20288,Store B,94,1108,10235400,4500,108887,9238,12/1/2012,12,2012,Saturday,180,591,550,1804,230,755,13.12,0,35,Sunny,2587
20288,Store B,105,976,11766600,4500,112063,12056,12/2/2012,12,2012,Sunday,180,591,550,1804,230,755,12.98,0,42,Cloudy,2534
20288,Store B,92,740,9355900,0,101695,12643,12/3/2012,12,2012,Monday,180,591,550,1804,230,755,12.81,0,42,Snowy,2104
20288,Store B,55,444,3719900,0,67635,8378,12/4/2012,12,2012,Tuesday,180,591,550,1804,230,755,13.02,0,32,Sunny,1684
20288,Store B,44,453,3857600,0,87673,8516,12/5/2012,12,2012,Wednesday,180,591,550,1804,230,755,13.2,0,32,Snowy,2534
20288,Store B,50,402,3541000,4500,70820,8808,12/6/2012,12,2012,Thursday,180,591,550,1804,230,755,13.16,0,26,Snowy,2546
20288,Store B,94,684,6008120,2016530,63916,8784,12/7/2012,12,2012,Friday,180,591,550,1804,230,755,13.13,0,28,Snowy,2440
20288,Store B,118,1114,8767220,2930570,74298,7870,12/8/2012,12,2012,Saturday,180,591,550,1804,230,755,13.12,0,19,Sunny,2558
20288,Store B,116,1348,10636480,3550020,91694,7891,12/9/2012,12,2012,Sunday,180,591,550,1804,230,755,13,0,17,Sunny,2478
20288,Store B,71,618,5665600,0,79797,9168,12/10/2012,12,2012,Monday,180,591,550,1804,230,755,13.09,0,21,Sunny,1493
20288,Store B,48,524,3937000,0,82021,7513,12/11/2012,12,2012,Tuesday,180,591,550,1804,230,755,13.1,0,26,Sunny,1450
20288,Store B,48,402,3618300,6300,75381,9001,12/12/2012,12,2012,Wednesday,180,591,550,1804,230,755,13.05,0,30,Sunny,18114
20288,Store B,52,336,2940200,0,56542,8751,12/13/2012,12,2012,Thursday,180,591,550,1804,230,755,12.96,0,37,Sunny,1894
20288,Store B,56,619,7233800,0,129175,11686,12/14/2012,12,2012,Friday,180,591,550,1804,230,755,12.85,0,37,Rainy,1937
20288,Store B,101,763,9456200,0,93626,12393,12/15/2012,12,2012,Saturday,180,591,550,1804,230,755,12.83,0,44,Cloudy,2401
20288,Store B,86,497,6185600,0,71926,12446,12/16/2012,12,2012,Sunday,180,591,550,1804,230,755,12.73,0,39,Cloudy,2533
20288,Store B,55,523,3474900,0,63180,6644,12/17/2012,12,2012,Monday,180,591,550,1804,230,755,12.52,0,37,Sunny,12119
20288,Store B,39,227,2032800,0,52123,8955,12/18/2012,12,2012,Tuesday,180,591,550,1804,230,755,12.65,0,24,Sunny,1593
20288,Store B,53,546,4126900,0,77866,7558,12/19/2012,12,2012,Wednesday,180,591,550,1804,230,755,12.76,0,24,Sunny,1572
20288,Store B,54,377,4992300,0,92450,13242,12/20/2012,12,2012,Thursday,180,591,550,1804,230,755,12.7,0,32,Sunny,1271
20288,Store B,53,409,4629600,3600,87351,11319,12/21/2012,12,2012,Friday,180,591,550,1804,230,755,12.74,0,32,Snowy,1611
20288,Store B,92,726,7658600,0,83246,10549,12/22/2012,12,2012,Saturday,180,591,550,1804,230,755,12.77,1,30,Cloudy,2257
20288,Store B,85,623,5639900,0,66352,9053,12/23/2012,12,2012,Sunday,180,591,550,1804,230,755,12.76,1,19,Sunny,1293
20288,Store B,59,429,4536800,0,76895,10575,12/24/2012,12,2012,Monday,180,591,550,1804,230,755,12.76,1,21,Snowy,995
20288,Store B,59,327,3999100,0,67781,12230,12/25/2012,12,2012,Tuesday,180,591,550,1804,230,755,12.7,0,21,Snowy,1518
20288,Store B,76,765,8112300,0,106741,10604,12/26/2012,12,2012,Wednesday,180,591,550,1804,230,755,12.65,0,17,Sunny,2930
20288,Store B,56,578,4117000,0,73518,7123,12/27/2012,12,2012,Thursday,180,591,550,1804,230,755,12.61,0,28,Sunny,2007
20288,Store B,64,667,4132300,0,64567,6195,12/28/2012,12,2012,Friday,180,591,550,1804,230,755,12.48,0,35,Snowy,1808
20288,Store B,77,490,6307250,0,81912,12872,12/29/2012,12,2012,Saturday,180,591,550,1804,230,755,12.38,0,32,Snowy,2160
20288,Store B,85,800,7584000,0,89224,9480,12/30/2012,12,2012,Sunday,180,591,550,1804,230,755,12.41,0,32,Snowy,3015
20288,Store B,114,816,6574600,0,57672,8057,12/31/2012,12,2012,Monday,180,591,550,1804,230,755,12.42,0,19,Sunny,2103
20288,Store B,87,828,8283100,0,95208,10004,1/1/2013,1,2013,Tuesday,180,591,550,1804,230,755,12.29,0,32,Snowy,2054
20288,Store B,89,522,6172500,0,69354,11825,1/2/2013,1,2013,Wednesday,180,591,550,1804,230,755,12.28,0,21,Sunny,3761
20288,Store B,78,734,6567100,0,84194,8947,1/3/2013,1,2013,Thursday,180,591,550,1804,230,755,12.21,0,14,Sunny,3761
20288,Store B,96,622,8245900,4500,85895,13257,1/4/2013,1,2013,Friday,180,591,550,1804,230,755,12.19,0,17,Sunny,2159
20288,Store B,83,603,5951700,0,71707,9870,1/5/2013,1,2013,Saturday,180,591,550,1804,230,755,12.08,0,28,Snowy,1505
20288,Store B,42,214,1856300,0,44198,8674,1/6/2013,1,2013,Sunday,180,591,550,1804,230,755,11.9,0,24,Cloudy,1552
20288,Store B,35,119,1665400,0,47583,13995,1/7/2013,1,2013,Monday,180,591,550,1804,230,755,11.71,0,28,Cloudy,1097
20288,Store B,43,574,5876000,0,136651,10237,1/8/2013,1,2013,Tuesday,180,591,550,1804,230,755,11.96,0,28,Sunny,1019
20288,Store B,41,292,2330300,0,56837,7980,1/9/2013,1,2013,Wednesday,180,591,550,1804,230,755,12.15,0,17,Sunny,915
20288,Store B,42,163,1836700,0,43731,11268,1/10/2013,1,2013,Thursday,180,591,550,1804,230,755,12.12,0,23,Sunny,841
20288,Store B,42,407,4217100,0,100407,10361,1/11/2013,1,2013,Friday,180,591,550,1804,230,755,12.01,0,33,Cloudy,1103
20288,Store B,67,764,7068400,0,105499,9252,1/12/2013,1,2013,Saturday,180,591,550,1804,230,755,11.85,1,39,Snowy,2301
20288,Store B,73,462,5798200,0,79427,12550,1/13/2013,1,2013,Sunday,180,591,550,1804,230,755,11.7,1,32,Cloudy,1332
20288,Store B,59,411,4007000,0,67915,9749,1/14/2013,1,2013,Monday,180,591,550,1804,230,755,11.48,1,35,Cloudy,1490
20288,Store B,49,222,2386600,27000,48706,10750,1/15/2013,1,2013,Tuesday,180,591,550,1804,230,755,11.66,0,35,Sunny,1522
20288,Store B,68,738,4591900,4500,67528,6222,1/16/2013,1,2013,Wednesday,180,591,550,1804,230,755,11.87,0,32,Snowy,1409
20288,Store B,64,576,4166100,1307400,65095,7233,1/17/2013,1,2013,Thursday,180,591,550,1804,230,755,11.97,0,24,Sunny,1442
20288,Store B,55,310,3865860,1218440,70288,12471,1/18/2013,1,2013,Friday,180,591,550,1804,230,755,11.88,0,32,Sunny,1717
20288,Store B,91,921,4713720,1457680,51799,5118,1/19/2013,1,2013,Saturday,180,591,550,1804,230,755,11.75,0,39,Sunny,2009
20288,Store B,90,931,6437330,1513970,71526,6914,1/20/2013,1,2013,Sunday,180,591,550,1804,230,755,11.66,0,39,Cloudy,2413
20288,Store B,48,333,3745150,1177250,78024,11247,1/21/2013,1,2013,Monday,180,591,550,1804,230,755,11.53,0,39,Rainy,1877
20288,Store B,57,338,6099800,0,107014,18047,1/22/2013,1,2013,Tuesday,180,591,550,1804,230,755,11.74,0,41,Rainy,2085
20288,Store B,51,383,3961100,0,77669,10342,1/23/2013,1,2013,Wednesday,180,591,550,1804,230,755,11.93,0,37,Rainy,1798
20288,Store B,63,353,3726800,0,59156,10558,1/24/2013,1,2013,Thursday,180,591,550,1804,230,755,12.03,0,37,Snowy,1971
20288,Store B,73,488,4271200,0,58510,8752,1/25/2013,1,2013,Friday,180,591,550,1804,230,755,11.94,0,21,Sunny,2719
20288,Store B,88,802,6938350,0,78845,8651,1/26/2013,1,2013,Saturday,180,591,550,1804,230,755,11.82,0,21,Sunny,2638
20288,Store B,93,499,6195900,11700,66623,12417,1/27/2013,1,2013,Sunday,180,591,550,1804,230,755,11.69,0,24,Sunny,2467
20288,Store B,62,337,4005100,0,64598,11885,1/28/2013,1,2013,Monday,180,591,550,1804,230,755,11.8,0,32,Cloudy,1859
20288,Store B,59,443,4881700,0,82741,11020,1/29/2013,1,2013,Tuesday,180,591,550,1804,230,755,11.93,0,41,Snowy,1889
20288,Store B,58,731,3565300,0,61471,4877,1/30/2013,1,2013,Wednesday,180,591,550,1804,230,755,11.96,0,48,Cloudy,1921
20288,Store B,67,473,4174100,0,62300,8825,1/31/2013,1,2013,Thursday,180,591,550,1804,230,755,11.91,0,51,Sunny,1867
20288,Store B,51,530,6176700,-112640,121112,11654,2/1/2013,2,2013,Friday,180,591,550,1804,230,755,11.94,0,48,Rainy,1891
20288,Store B,53,519,3380900,0,63791,6514,2/2/2013,2,2013,Saturday,180,591,550,1804,230,755,11.87,0,35,Sunny,2518
20288,Store B,80,549,5130100,0,64126,9344,2/3/2013,2,2013,Sunday,180,591,550,1804,230,755,11.78,0,30,Snowy,3038
20288,Store B,61,550,3563100,0,58411,6478,2/4/2013,2,2013,Monday,180,591,550,1804,230,755,11.52,0,33,Snowy,3542
20288,Store B,67,667,4739200,0,70734,7105,2/5/2013,2,2013,Tuesday,180,591,550,1804,230,755,11.71,0,35,Snowy,
20288,Store B,56,329,3568200,0,63718,10846,2/6/2013,2,2013,Wednesday,180,591,550,1804,230,755,11.7,0,33,Snowy,
20288,Store B,46,269,3202700,0,69624,11906,2/7/2013,2,2013,Thursday,180,591,550,1804,230,755,11.61,0,28,Sunny,
20288,Store B,28,201,2254000,0,80500,11214,2/8/2013,2,2013,Friday,180,591,550,1804,230,755,11.63,0,15,Sunny,
20288,Store B,52,351,4527230,36270,87062,12898,2/9/2013,2,2013,Saturday,180,591,550,1804,230,755,11.75,1,28,Sunny,
20288,Store B,67,376,5019470,-25770,74917,13350,2/10/2013,2,2013,Sunday,180,591,550,1804,230,755,11.74,1,28,Snowy,
20288,Store B,49,472,2592700,0,52912,5493,2/11/2013,2,2013,Monday,180,591,550,1804,230,755,11.63,1,26,cloudy,
20288,Store B,44,383,3868900,0,87930,10102,2/12/2013,2,2013,Tuesday,180,591,550,1804,230,755,11.73,0,28,cloudy,
20288,Store B,63,399,4485700,16200,71202,11242,2/13/2013,2,2013,Wednesday,180,591,550,1804,230,755,11.62,0,35,cloudy,
20288,Store B,95,630,5896260,2016540,62066,9359,2/14/2013,2,2013,Thursday,180,591,550,1804,230,755,11.63,0,41,cloudy,
20288,Store B,88,1087,5989720,2033680,68065,5510,2/15/2013,2,2013,Friday,180,591,550,1804,230,755,11.61,0,32,cloudy,
20288,Store B,127,1336,7995450,2116750,62956,5985,2/16/2013,2,2013,Saturday,180,591,550,1804,230,755,11.6,0,33,Sunny,
20288,Store B,81,679,4034390,990710,49807,5942,2/17/2013,2,2013,Sunday,180,591,550,1804,230,755,11.48,0,42,cloudy,
20288,Store B,98,662,5031240,1132260,51339,7600,2/18/2013,2,2013,Monday,180,591,550,1804,230,755,11.25,0,35,cloudy,
20288,Store B,80,486,4410600,0,55133,9075,2/19/2013,2,2013,Tuesday,180,591,550,1804,230,755,11.46,0,32,Sunny,
20288,Store B,68,384,4367850,0,64233,11375,2/20/2013,2,2013,Wednesday,180,591,550,1804,230,755,11.53,0,30,Sunny,
20288,Store B,70,456,3357000,0,47957,7362,2/21/2013,2,2013,Thursday,180,591,550,1804,230,755,11.52,0,35,Sunny,
20288,Store B,66,336,4126900,4500,62529,12282,2/22/2013,2,2013,Friday,180,591,550,1804,230,755,11.62,0,39,Snowy,
20288,Store B,101,790,6443300,0,63795,8156,2/23/2013,2,2013,Saturday,180,591,550,1804,230,755,11.63,0,35,Sunny,
20288,Store B,81,615,4447400,0,54906,7232,2/24/2013,2,2013,Sunday,180,591,550,1804,230,755,11.5,0,41,Sunny,
20288,Store B,90,638,5126200,0,56958,8035,2/25/2013,2,2013,Monday,180,591,550,1804,230,755,11.33,0,44,cloudy,
20288,Store B,113,650,6087900,0,53875,9366,2/26/2013,2,2013,Tuesday,180,591,550,1804,230,755,11.47,0,46,Rainy,
20288,Store B,84,558,4714700,0,56127,8449,2/27/2013,2,2013,Wednesday,180,591,550,1804,230,755,11.82,0,44,Cloudy,
20288,Store B,78,741,4807600,0,61636,6488,2/28/2013,2,2013,Thursday,180,591,550,1804,230,755,11.81,0,55,Rainy,
20288,Store B,112,946,6186000,0,55232,6539,3/1/2013,3,2013,Friday,180,591,550,1804,230,755,11.72,0,44,Rainy,
20288,Store B,82,611,4400150,10800,53660,7202,3/2/2013,3,2013,Saturday,180,591,550,1804,230,755,11.66,0,35,Sunny,
20288,Store B,55,340,4396700,0,79940,12931,3/3/2013,3,2013,Sunday,180,591,550,1804,230,755,11.57,0,39,Sunny,
20288,Store B,69,454,3670450,0,53195,8085,3/4/2013,3,2013,Monday,180,591,550,1804,230,755,11.33,0,46,Sunny,
20288,Store B,93,557,5522300,4500,59380,9914,3/5/2013,3,2013,Tuesday,180,591,550,1804,230,755,11.54,0,46,Sunny,
20288,Store B,83,742,5114950,0,61626,6893,3/6/2013,3,2013,Wednesday,180,591,550,1804,230,755,11.64,0,57,Sunny,
20288,Store B,96,481,5293700,0,55143,11006,3/7/2013,3,2013,Thursday,180,591,550,1804,230,755,11.59,0,51,Rainy,
20288,Store B,91,747,6696850,0,73592,8965,3/8/2013,3,2013,Friday,180,591,550,1804,230,755,11.52,0,55,Cloudy,
20288,Store B,111,925,8420600,4500,75861,9103,3/9/2013,3,2013,Saturday,180,591,550,1804,230,755,11.4,0,71,Cloudy,
20288,Store B,89,629,6200600,10500,69670,9858,3/10/2013,3,2013,Sunday,180,591,550,1804,230,755,11.34,0,44,Sunny,
20288,Store B,84,552,3517600,6000,41876,6372,3/11/2013,3,2013,Monday,180,591,550,1804,230,755,11.21,0,50,Sunny,
20288,Store B,105,687,5273500,0,50224,7676,3/12/2013,3,2013,Tuesday,180,591,550,1804,230,755,11.37,0,53,Rainy,
20288,Store B,94,598,4099000,0,43606,6855,3/13/2013,3,2013,Wednesday,180,591,550,1804,230,755,11.37,0,46,Rainy,
20288,Store B,120,848,5519140,1889960,45993,6508,3/14/2013,3,2013,Thursday,180,591,550,1804,230,755,11.43,0,46,Sunny,
20288,Store B,170,2051,10999960,3807440,64706,5363,3/15/2013,3,2013,Friday,180,591,550,1804,230,755,11.49,0,48,Sunny,
20288,Store B,183,1628,8645680,2989520,47244,5311,3/16/2013,3,2013,Saturday,180,591,550,1804,230,755,11.56,0,51,Sunny,
20036,Store C,151,819,7662200,0,50743,9356,9/1/2011,9,2011,Thursday,300,984,550,1804,314,1030,13.93,0,87,NA,
20036,Store C,111,822,8061300,0,72624,9807,9/2/2011,9,2011,Friday,300,984,550,1804,314,1030,13.83,0,89,NA,
20036,Store C,138,818,6690500,0,48482,8179,9/3/2011,9,2011,Saturday,300,984,550,1804,314,1030,13.83,0,87,Cloudy,
20036,Store C,91,1100,5857400,0,64367,5325,9/4/2011,9,2011,Sunday,300,984,550,1804,314,1030,13.85,0,84,Cloudy,
20036,Store C,132,927,8508400,0,64458,9178,9/5/2011,9,2011,Monday,300,984,550,1804,314,1030,13.85,0,82,Sunny,
20036,Store C,119,788,7652400,0,64306,9711,9/6/2011,9,2011,Tuesday,300,984,550,1804,314,1030,13.9,0,82,Sunny,
20036,Store C,124,1193,7043800,0,56805,5904,9/7/2011,9,2011,Wednesday,300,984,550,1804,314,1030,13.91,0,80,Cloudy,
20036,Store C,118,706,6506900,0,55143,9217,9/8/2011,9,2011,Thursday,300,984,550,1804,314,1030,13.86,0,77,Cloudy,
20036,Store C,106,955,13002600,0,122666,13615,9/9/2011,9,2011,Friday,300,984,550,1804,314,1030,13.87,0,69,Rainy,
20036,Store C,122,1007,9741600,0,79849,9674,9/10/2011,9,2011,Saturday,300,984,550,1804,314,1030,13.88,0,78,NA,
20036,Store C,115,1131,8292200,0,72106,7332,9/11/2011,9,2011,Sunday,300,984,550,1804,314,1030,13.87,0,73,Rainy,
20036,Store C,115,589,5411100,0,47053,9187,9/12/2011,9,2011,Monday,300,984,550,1804,314,1030,13.87,0,80,Cloudy,
20036,Store C,106,723,5253900,0,49565,7267,9/13/2011,9,2011,Tuesday,300,984,550,1804,314,1030,13.97,0,84,Cloudy,
20036,Store C,100,687,6729900,0,67299,9796,9/14/2011,9,2011,Wednesday,300,984,550,1804,314,1030,13.96,0,84,NA,
20036,Store C,114,873,7278000,0,63842,8337,9/15/2011,9,2011,Thursday,300,984,550,1804,314,1030,14.23,0,86,NA,
20036,Store C,108,831,8102200,0,75020,9750,9/16/2011,9,2011,Friday,300,984,550,1804,314,1030,14.47,0,87,NA,
20036,Store C,132,1270,12004900,0,90946,9453,9/17/2011,9,2011,Saturday,300,984,550,1804,314,1030,14.47,1,86,NA,
20036,Store C,127,1072,10022600,0,78918,9349,9/18/2011,9,2011,Sunday,300,984,550,1804,314,1030,14.45,1,78,Cloudy,
20036,Store C,132,1428,11009700,0,83407,7710,9/19/2011,9,2011,Monday,300,984,550,1804,314,1030,14.44,1,66,Rainy,
20036,Store C,125,1473,12225700,0,97806,8300,9/20/2011,9,2011,Tuesday,300,984,550,1804,314,1030,14.73,0,73,Sunny,
20036,Store C,151,1374,10176700,0,67395,7407,9/21/2011,9,2011,Wednesday,300,984,550,1804,314,1030,14.92,0,75,Sunny,
20036,Store C,132,1186,11293100,0,85554,9522,9/22/2011,9,2011,Thursday,300,984,550,1804,314,1030,15.02,0,75,Sunny,
20036,Store C,111,1143,11425700,0,102934,9996,9/23/2011,9,2011,Friday,300,984,550,1804,314,1030,15.34,1,77,NA,
20036,Store C,145,1277,9113200,0,62850,7136,9/24/2011,9,2011,Saturday,300,984,550,1804,314,1030,15.31,1,78,NA,
20036,Store C,134,1184,10754600,0,80258,9083,9/25/2011,9,2011,Sunday,300,984,550,1804,314,1030,15.2,1,78,NA,
20036,Store C,150,1277,12686500,0,84577,9935,9/26/2011,9,2011,Monday,300,984,550,1804,314,1030,15.2,0,80,NA,
20036,Store C,169,1346,11458100,0,67799,8513,9/27/2011,9,2011,Tuesday,300,984,550,1804,314,1030,15.44,0,84,NA,
20036,Store C,109,946,11299600,0,103666,11945,9/28/2011,9,2011,Wednesday,300,984,550,1804,314,1030,15.33,0,75,NA,
20036,Store C,100,885,7028400,0,70284,7942,9/29/2011,9,2011,Thursday,300,984,550,1804,314,1030,15.24,0,66,Rainy,
20036,Store C,110,951,11362000,0,103291,11947,9/30/2011,9,2011,Friday,300,984,550,1804,314,1030,15.34,0,66,Sunny,
20036,Store C,148,1651,13366100,0,90311,8096,10/1/2011,10,2011,Saturday,300,984,550,1804,314,1030,15.36,0,64,Sunny,
20036,Store C,131,1293,11115100,0,84848,8596,10/2/2011,10,2011,Sunday,300,984,550,1804,314,1030,15.37,0,64,Sunny,
20036,Store C,111,654,7331900,0,66053,11211,10/3/2011,10,2011,Monday,300,984,550,1804,314,1030,15.4,0,68,Sunny,
20036,Store C,118,1135,10000300,0,84748,8811,10/4/2011,10,2011,Tuesday,300,984,550,1804,314,1030,15.4,0,68,Sunny,
20036,Store C,132,1138,10447600,0,79148,9181,10/5/2011,10,2011,Wednesday,300,984,550,1804,314,1030,15.54,0,71,Sunny,
20036,Store C,117,960,9338400,0,79815,9728,10/6/2011,10,2011,Thursday,300,984,550,1804,314,1030,15.3,0,69,NA,
20036,Store C,90,958,8261800,0,91798,8624,10/7/2011,10,2011,Friday,300,984,550,1804,314,1030,15.43,0,69,NA,
20036,Store C,135,1167,10003700,0,74101,8572,10/8/2011,10,2011,Saturday,300,984,550,1804,314,1030,15.37,1,71,NA,
20036,Store C,157,1545,10097500,0,64315,6536,10/9/2011,10,2011,Sunday,300,984,550,1804,314,1030,15.37,1,71,NA,
20036,Store C,178,1547,15001100,0,84276,9697,10/10/2011,10,2011,Monday,300,984,550,1804,314,1030,15.3,1,69,NA,
20036,Store C,133,1060,10127800,0,76149,9555,10/11/2011,10,2011,Tuesday,300,984,550,1804,314,1030,15.18,0,69,NA,
20036,Store C,133,871,10020000,0,75338,11504,10/12/2011,10,2011,Wednesday,300,984,550,1804,314,1030,15.26,0,64,NA,
20036,Store C,152,1004,8679500,0,57102,8645,10/13/2011,10,2011,Thursday,300,984,550,1804,314,1030,15.18,0,73,NA,
20036,Store C,118,1003,8007900,0,67864,7984,10/14/2011,10,2011,Friday,300,984,550,1804,314,1030,15.1,0,60,NA,
20036,Store C,122,973,8967100,0,73501,9216,10/15/2011,10,2011,Saturday,300,984,550,1804,314,1030,14.99,0,62,Rainy,
20036,Store C,155,1306,12073400,0,77893,9245,10/16/2011,10,2011,Sunday,300,984,550,1804,314,1030,14.94,0,66,Rainy,
20036,Store C,173,1350,13049000,0,75428,9666,10/17/2011,10,2011,Monday,300,984,550,1804,314,1030,14.94,0,57,Sunny,
20036,Store C,140,1498,14021700,0,100155,9360,10/18/2011,10,2011,Tuesday,300,984,550,1804,314,1030,14.91,0,57,Sunny,
20036,Store C,117,1302,11064800,0,94571,8498,10/19/2011,10,2011,Wednesday,300,984,550,1804,314,1030,14.93,0,68,Sunny,
20036,Store C,122,877,8904200,0,72985,10153,10/20/2011,10,2011,Thursday,300,984,550,1804,314,1030,14.81,0,69,Sunny,
20036,Store C,141,1487,12632900,0,89595,8496,10/21/2011,10,2011,Friday,300,984,550,1804,314,1030,14.83,0,69,Cloudy,
20036,Store C,170,1712,14669900,0,86294,8569,10/22/2011,10,2011,Saturday,300,984,550,1804,314,1030,14.93,0,71,Sunny,
20036,Store C,167,1225,11448300,0,68553,9346,10/23/2011,10,2011,Sunday,300,984,550,1804,314,1030,15,0,71,NA,
20036,Store C,129,1172,11369300,0,88134,9701,10/24/2011,10,2011,Monday,300,984,550,1804,314,1030,15.01,0,59,Rainy,
20036,Store C,123,867,10080700,0,81957,11627,10/25/2011,10,2011,Tuesday,300,984,550,1804,314,1030,14.94,0,53,Sunny,
20036,Store C,124,1350,11403600,0,91965,8447,10/26/2011,10,2011,Wednesday,300,984,550,1804,314,1030,14.85,0,59,Sunny,
20036,Store C,153,1493,13491900,0,88182,9037,10/27/2011,10,2011,Thursday,300,984,550,1804,314,1030,14.87,0,66,NA,
20036,Store C,134,1087,9150200,0,68285,8418,10/28/2011,10,2011,Friday,300,984,550,1804,314,1030,14.67,0,66,NA,
20036,Store C,180,1162,10772400,0,59847,9271,10/29/2011,10,2011,Saturday,300,984,550,1804,314,1030,14.56,0,59,NA,
20036,Store C,133,874,11509900,0,86541,13169,10/30/2011,10,2011,Sunday,300,984,550,1804,314,1030,14.54,0,68,NA,
20036,Store C,156,1039,10464900,0,67083,10072,10/31/2011,10,2011,Monday,300,984,550,1804,314,1030,14.54,0,73,NA,
20036,Store C,132,1276,12539700,0,94998,9827,11/1/2011,11,2011,Tuesday,300,984,550,1804,314,1030,14.24,0,71,NA,
20036,Store C,118,743,8055000,0,68263,10841,11/2/2011,11,2011,Wednesday,300,984,550,1804,314,1030,14.31,0,69,NA,
20036,Store C,137,1074,11035000,0,80547,10275,11/3/2011,11,2011,Thursday,300,984,550,1804,314,1030,14.33,0,73,NA,
20036,Store C,154,1364,14910200,0,96819,10931,11/4/2011,11,2011,Friday,300,984,550,1804,314,1030,14.42,0,73,NA,
20036,Store C,154,1391,12809000,0,83175,9208,11/5/2011,11,2011,Saturday,300,984,550,1804,314,1030,14.4,0,77,Rainy,
20036,Store C,146,1333,12121100,0,83021,9093,11/6/2011,11,2011,Sunday,300,984,550,1804,314,1030,14.14,0,66,Rainy,
20036,Store C,134,1389,12616900,0,94156,9083,11/7/2011,11,2011,Monday,300,984,550,1804,314,1030,14.15,0,64,Cloudy,
20036,Store C,123,1215,7452200,0,60587,6133,11/8/2011,11,2011,Tuesday,300,984,550,1804,314,1030,14.25,0,64,NA,
20036,Store C,91,1056,10414500,0,114445,9862,11/9/2011,11,2011,Wednesday,300,984,550,1804,314,1030,14.32,0,64,Cloudy,
20036,Store C,114,1416,12310200,0,107984,8694,11/10/2011,11,2011,Thursday,300,984,550,1804,314,1030,14.37,0,62,Rainy,
20036,Store C,128,1170,12012600,0,93848,10267,11/11/2011,11,2011,Friday,300,984,550,1804,314,1030,14.52,0,57,Rainy,
20036,Store C,144,1189,11686100,0,81153,9829,11/12/2011,11,2011,Saturday,300,984,550,1804,314,1030,14.56,0,60,Sunny,
20036,Store C,144,1229,13496500,0,93726,10982,11/13/2011,11,2011,Sunday,300,984,550,1804,314,1030,14.61,0,60,NA,
20036,Store C,140,1092,12008300,0,85774,10997,11/14/2011,11,2011,Monday,300,984,550,1804,314,1030,14.6,0,50,Sunny,
20036,Store C,101,894,8637400,0,85519,9662,11/15/2011,11,2011,Tuesday,300,984,550,1804,314,1030,14.59,0,51,Sunny,
20036,Store C,120,1248,15148300,0,126236,12138,11/16/2011,11,2011,Wednesday,300,984,550,1804,314,1030,14.62,0,59,NA,
20036,Store C,107,923,8508200,0,79516,9218,11/17/2011,11,2011,Thursday,300,984,550,1804,314,1030,14.71,0,62,NA,
20036,Store C,124,1504,13120100,0,105807,8723,11/18/2011,11,2011,Friday,300,984,550,1804,314,1030,14.73,0,62,Rainy,
20036,Store C,151,1574,14909300,0,98737,9472,11/19/2011,11,2011,Saturday,300,984,550,1804,314,1030,14.79,0,60,Cloudy,
20036,Store C,164,1244,10377700,0,63279,8342,11/20/2011,11,2011,Sunday,300,984,550,1804,314,1030,14.79,0,39,Sunny,
20036,Store C,165,1503,12904300,0,78208,8586,11/21/2011,11,2011,Monday,300,984,550,1804,314,1030,14.79,0,42,Sunny,
20036,Store C,135,1166,10304500,0,76330,8837,11/22/2011,11,2011,Tuesday,300,984,550,1804,314,1030,14.84,0,48,NA,
20036,Store C,131,1084,11677400,0,89140,10773,11/23/2011,11,2011,Wednesday,300,984,550,1804,314,1030,14.87,0,46,Rainy,
20036,Store C,135,1054,11537300,0,85461,10946,11/24/2011,11,2011,Thursday,300,984,550,1804,314,1030,14.94,0,35,Sunny,
20036,Store C,147,1227,11059100,0,75232,9013,11/25/2011,11,2011,Friday,300,984,550,1804,314,1030,15,0,42,Snowy,
20036,Store C,173,1514,15584700,0,90085,10294,11/26/2011,11,2011,Saturday,300,984,550,1804,314,1030,14.98,0,53,NA,
20036,Store C,178,1630,13179450,0,74042,8086,11/27/2011,11,2011,Sunday,300,984,550,1804,314,1030,14.88,0,60,Cloudy,
20036,Store C,177,1401,13378600,0,75585,9549,11/28/2011,11,2011,Monday,300,984,550,1804,314,1030,14.92,0,61,Rainy,
20036,Store C,146,1163,10606300,0,72646,9120,11/29/2011,11,2011,Tuesday,300,984,550,1804,314,1030,14.82,0,56,Rainy,
20036,Store C,93,778,7083000,0,76161,9104,11/30/2011,11,2011,Wednesday,300,984,550,1804,314,1030,14.57,0,48,Rainy,
20036,Store C,104,754,8409900,0,80864,11154,12/1/2011,12,2011,Thursday,300,984,550,1804,314,1030,14.65,0,50,Rainy,
20036,Store C,107,971,12116300,0,113236,12478,12/2/2011,12,2011,Friday,300,984,550,1804,314,1030,14.56,0,46,Cloudy,
20036,Store C,156,1476,13417900,0,86012,9091,12/3/2011,12,2011,Saturday,300,984,550,1804,314,1030,14.49,0,48,Rainy,
20036,Store C,147,1519,11001000,0,74837,7242,12/4/2011,12,2011,Sunday,300,984,550,1804,314,1030,14.37,0,42,Sunny,
20036,Store C,124,1332,8687700,0,70062,6522,12/5/2011,12,2011,Monday,300,984,550,1804,314,1030,14.35,0,41,Sunny,
20036,Store C,101,802,7933800,0,78552,9893,12/6/2011,12,2011,Tuesday,300,984,550,1804,314,1030,14.44,0,44,Cloudy,
20036,Store C,110,688,6899500,0,62723,10028,12/7/2011,12,2011,Wednesday,300,984,550,1804,314,1030,14.52,0,44,Cloudy,
20036,Store C,153,1303,9353900,0,61137,7179,12/8/2011,12,2011,Thursday,300,984,550,1804,314,1030,14.5,0,41,Cloudy,
20036,Store C,140,1267,13755000,0,98250,10856,12/9/2011,12,2011,Friday,300,984,550,1804,314,1030,14.56,0,35,Snowy,
20036,Store C,157,1353,11289200,0,71906,8344,12/10/2011,12,2011,Saturday,300,984,550,1804,314,1030,14.68,0,35,Snowy,
20036,Store C,187,1475,13953800,0,74619,9460,12/11/2011,12,2011,Sunday,300,984,550,1804,314,1030,14.75,0,44,Rainy,
20036,Store C,165,1303,12782300,0,77468,9810,12/12/2011,12,2011,Monday,300,984,550,1804,314,1030,14.74,0,45,NA,
20036,Store C,141,806,7746100,0,54937,9611,12/13/2011,12,2011,Tuesday,300,984,550,1804,314,1030,14.74,0,43,Sunny,
20036,Store C,125,994,10864900,0,86919,10930,12/14/2011,12,2011,Wednesday,300,984,550,1804,314,1030,14.72,0,47,Rainy,
20036,Store C,105,898,7614600,0,72520,8480,12/15/2011,12,2011,Thursday,300,984,550,1804,314,1030,14.86,0,32,Sunny,
20036,Store C,128,1005,8003700,0,62529,7964,12/16/2011,12,2011,Friday,300,984,550,1804,314,1030,14.84,0,25,Sunny,
20036,Store C,160,1269,12432900,0,77706,9797,12/17/2011,12,2011,Saturday,300,984,550,1804,314,1030,14.85,0,32,Cloudy,
20036,Store C,135,1097,9484100,0,70253,8645,12/18/2011,12,2011,Sunday,300,984,550,1804,314,1030,14.85,0,35,NA,
20036,Store C,110,1242,7435600,0,67596,5987,12/19/2011,12,2011,Monday,300,984,550,1804,314,1030,14.85,0,37,Cloudy,
20036,Store C,103,749,4375500,0,42481,5842,12/20/2011,12,2011,Tuesday,300,984,550,1804,314,1030,14.99,0,40,Rainy,
20036,Store C,114,689,8413700,0,73804,12211,12/21/2011,12,2011,Wednesday,300,984,550,1804,314,1030,14.95,0,43,Snowy,
20036,Store C,126,1055,7442200,0,59065,7054,12/22/2011,12,2011,Thursday,300,984,550,1804,314,1030,14.78,0,36,Sunny,
20036,Store C,142,1041,10658700,0,75061,10239,12/23/2011,12,2011,Friday,300,984,550,1804,314,1030,14.75,1,33,Snowy,
20036,Store C,135,1194,10270000,0,76074,8601,12/24/2011,12,2011,Saturday,300,984,550,1804,314,1030,14.72,1,27,Snowy,
20036,Store C,103,635,6715500,0,65199,10576,12/25/2011,12,2011,Sunday,300,984,550,1804,314,1030,14.69,1,25,Sunny,
20036,Store C,110,1123,6832000,0,62109,6084,12/26/2011,12,2011,Monday,300,984,550,1804,314,1030,14.69,0,25,Sunny,
20036,Store C,110,882,7483700,0,68034,8485,12/27/2011,12,2011,Tuesday,300,984,550,1804,314,1030,14.7,0,32,Cloudy,
20036,Store C,124,911,6774300,0,54631,7436,12/28/2011,12,2011,Wednesday,300,984,550,1804,314,1030,14.79,0,37,NA,
20036,Store C,113,1130,10157500,0,89889,8989,12/29/2011,12,2011,Thursday,300,984,550,1804,314,1030,14.85,0,33,NA,
20036,Store C,123,1213,10422900,0,84739,8593,12/30/2011,12,2011,Friday,300,984,550,1804,314,1030,14.85,0,33,NA,
20036,Store C,98,781,8575400,0,87504,10980,12/31/2011,12,2011,Saturday,300,984,550,1804,314,1030,14.95,0,35,NA,
20036,Store C,93,600,6084500,0,65425,10141,1/1/2012,1,2012,Monday,300,984,550,1804,314,1030,15.07,0,32,Snowy,
20036,Store C,98,745,6487600,0,66200,8708,1/2/2012,1,2012,Tuesday,300,984,550,1804,314,1030,15.07,0,30,NA,
20036,Store C,110,865,7209700,0,65543,8335,1/3/2012,1,2012,Wednesday,300,984,550,1804,314,1030,15.02,0,33,Snowy,
20036,Store C,142,1406,10810900,0,76133,7689,1/4/2012,1,2012,Thursday,300,984,550,1804,314,1030,14.95,0,26,NA,
20036,Store C,124,1137,8756800,0,70619,7702,1/5/2012,1,2012,Friday,300,984,550,1804,314,1030,14.95,0,30,Sunny,
20036,Store C,92,534,4020100,0,43697,7528,1/6/2012,1,2012,Saturday,300,984,550,1804,314,1030,14.98,0,33,Snowy,
20036,Store C,113,736,8650300,0,76551,11753,1/7/2012,1,2012,Sunday,300,984,550,1804,314,1030,15.01,1,33,NA,
20036,Store C,121,937,6862900,0,56718,7324,1/8/2012,1,2012,Monday,300,984,550,1804,314,1030,15.06,1,33,NA,
20036,Store C,80,531,5088200,0,63603,9582,1/9/2012,1,2012,Tuesday,300,984,550,1804,314,1030,15.07,1,35,NA,
20036,Store C,90,846,7048200,0,78313,8331,1/10/2012,1,2012,Wednesday,300,984,550,1804,314,1030,15.09,0,35,NA,
20036,Store C,76,407,3093800,0,40708,7601,1/11/2012,1,2012,Thursday,300,984,550,1804,314,1030,15.03,0,28,Sunny,
20036,Store C,75,702,4259400,0,56792,6068,1/12/2012,1,2012,Friday,300,984,550,1804,314,1030,15.05,0,32,Snowy,
20036,Store C,87,544,5291000,4400,60816,9726,1/13/2012,1,2012,Saturday,300,984,550,1804,314,1030,15.02,0,37,NA,
20036,Store C,132,1029,9062100,0,68652,8807,1/14/2012,1,2012,Sunday,300,984,550,1804,314,1030,14.96,0,37,NA,
20036,Store C,124,1076,9157400,0,73850,8511,1/15/2012,1,2012,Monday,300,984,550,1804,314,1030,14.94,0,32,Sunny,
20036,Store C,106,1350,9065400,0,85523,6715,1/16/2012,1,2012,Tuesday,300,984,550,1804,314,1030,14.94,0,44,NA,
20036,Store C,93,639,6107500,0,65672,9558,1/17/2012,1,2012,Wednesday,300,984,550,1804,314,1030,15,0,44,Sunny,
20036,Store C,101,741,6238700,0,61769,8419,1/18/2012,1,2012,Thursday,300,984,550,1804,314,1030,14.91,0,39,NA,
20036,Store C,77,453,6218600,0,80761,13728,1/19/2012,1,2012,Friday,300,984,550,1804,314,1030,14.84,0,44,Rainy,
20036,Store C,73,522,4388800,0,60121,8408,1/20/2012,1,2012,Saturday,300,984,550,1804,314,1030,14.76,0,46,Rainy,
20036,Store C,96,923,5737900,0,59770,6217,1/21/2012,1,2012,Saturday,300,984,550,1804,314,1030,14.68,0,42,NA,
20036,Store C,86,672,5843100,0,67943,8695,1/22/2012,1,2012,Sunday,300,984,550,1804,314,1030,14.7,0,24,NA,
20036,Store C,78,566,4002000,0,51308,7071,1/23/2012,1,2012,Monday,300,984,550,1804,314,1030,14.7,0,23,Sunny,
20036,Store C,66,302,2421400,0,36688,8018,1/24/2012,1,2012,Tuesday,300,984,550,1804,314,1030,14.7,0,28,Snowy,
20036,Store C,83,776,5088400,0,61306,6557,1/25/2012,1,2012,Wednesday,300,984,550,1804,314,1030,14.58,0,24,Sunny,
20036,Store C,104,895,7303800,0,70229,8161,1/26/2012,1,2012,Thursday,300,984,550,1804,314,1030,14.47,0,38,Snowy,
20036,Store C,99,713,6240300,0,63033,8752,1/27/2012,1,2012,Friday,300,984,550,1804,314,1030,14.43,0,41,NA,
20036,Store C,97,672,6689200,0,68961,9954,1/28/2012,1,2012,Saturday,300,984,550,1804,314,1030,14.56,0,37,Sunny,
20036,Store C,127,812,8236600,0,64855,10144,1/29/2012,1,2012,Sunday,300,984,550,1804,314,1030,14.57,0,37,Sunny,
20036,Store C,109,768,7766200,0,71250,10112,1/30/2012,1,2012,Monday,300,984,550,1804,314,1030,14.58,0,29,Sunny,
20036,Store C,97,543,6952550,0,71676,12804,1/31/2012,1,2012,Tuesday,300,984,550,1804,314,1030,14.68,0,29,Snowy,
20036,Store C,111,876,8036250,0,72399,9174,2/1/2012,2,2012,Wednesday,300,984,550,1804,314,1030,14.71,0,20,Sunny,3168
20036,Store C,109,985,8806500,0,80794,8941,2/2/2012,2,2012,Thursday,300,984,550,1804,314,1030,14.75,0,16,Sunny,2743
20036,Store C,113,948,8402300,0,74357,8863,2/3/2012,2,2012,Friday,300,984,550,1804,314,1030,14.71,0,30,Snowy,2841
20036,Store C,122,1071,7909000,0,64828,7385,2/4/2012,2,2012,Saturday,300,984,550,1804,314,1030,14.63,0,35,NA,4267
20036,Store C,118,833,9042450,0,76631,10855,2/5/2012,2,2012,Sunday,300,984,550,1804,314,1030,14.51,0,40,Sunny,4626
20036,Store C,124,1018,7890700,0,63635,7751,2/6/2012,2,2012,Monday,300,984,550,1804,314,1030,14.55,0,42,NA,4069
20036,Store C,72,686,5802800,0,80594,8459,2/7/2012,2,2012,Tuesday,300,984,550,1804,314,1030,14.6,0,32,Sunny,
20036,Store C,80,566,5836500,0,72956,10312,2/8/2012,2,2012,Wednesday,300,984,550,1804,314,1030,14.57,0,25,Snowy,
20036,Store C,63,330,3762100,0,59716,11400,2/9/2012,2,2012,Thursday,300,984,550,1804,314,1030,14.48,0,34,Snowy,
20036,Store C,90,589,5170150,0,57446,8778,2/10/2012,2,2012,Friday,300,984,550,1804,314,1030,14.44,0,36,Sunny,
20036,Store C,101,985,9308350,0,92162,9450,2/11/2012,2,2012,Saturday,300,984,550,1804,314,1030,14.44,0,34,Sunny,
20036,Store C,116,869,8118500,0,69987,9342,2/12/2012,2,2012,Sunday,300,984,550,1804,314,1030,14.46,0,40,Sunny,
20036,Store C,106,650,6388600,0,60270,9829,2/13/2012,2,2012,Monday,300,984,550,1804,314,1030,14.45,0,46,NA,
20036,Store C,120,978,7343600,0,61197,7509,2/14/2012,2,2012,Tuesday,300,984,550,1804,314,1030,14.42,0,45,NA,3819
20036,Store C,132,1142,9813500,0,74345,8593,2/15/2012,2,2012,Wednesday,300,984,550,1804,314,1030,14.41,0,36,NA,4064
20036,Store C,116,868,6841400,0,58978,7882,2/16/2012,2,2012,Thursday,300,984,550,1804,314,1030,14.31,0,36,Sunny,3569
20036,Store C,116,769,6419100,0,55337,8347,2/17/2012,2,2012,Friday,300,984,550,1804,314,1030,14.35,0,28,Sunny,4248
20036,Store C,159,1668,12701800,2700,79886,7615,2/18/2012,2,2012,Saturday,300,984,550,1804,314,1030,14.2,0,27,Sunny,5102
20036,Store C,140,1457,11785000,0,84179,8089,2/19/2012,2,2012,Sunday,300,984,550,1804,314,1030,14.14,0,34,Sunny,4951
20036,Store C,143,1399,13847300,0,96834,9898,2/20/2012,2,2012,Monday,300,984,550,1804,314,1030,14.13,0,41,Sunny,4836
20036,Store C,140,1230,11568000,0,82629,9405,2/21/2012,2,2012,Tuesday,300,984,550,1804,314,1030,14.09,0,42,NA,4671
20036,Store C,164,1800,12681250,0,77325,7045,2/22/2012,2,2012,Wednesday,300,984,550,1804,314,1030,14.09,0,54,NA,4664
20036,Store C,130,1176,8170900,0,62853,6948,2/23/2012,2,2012,Thursday,300,984,550,1804,314,1030,14.06,0,46,NA,3936
20036,Store C,137,798,8528300,0,62250,10687,2/24/2012,2,2012,Friday,300,984,550,1804,314,1030,14.06,0,50,NA,3606
20036,Store C,117,897,10189800,0,87092,11360,2/25/2012,2,2012,Saturday,300,984,550,1804,314,1030,13.98,0,41,Cloudy,4788
20036,Store C,134,1106,10498400,0,78346,9492,2/26/2012,2,2012,Sunday,300,984,550,1804,314,1030,13.83,0,37,Sunny,4457
20036,Store C,139,929,10166800,0,73142,10944,2/27/2012,2,2012,Monday,300,984,550,1804,314,1030,13.83,0,41,Sunny,3879
20036,Store C,123,1164,7342250,0,59693,6308,2/28/2012,2,2012,Tuesday,300,984,550,1804,314,1030,13.93,0,44,Sunny,3430
20036,Store C,98,1161,8493100,0,86664,7315,2/29/2012,2,2012,Wednesday,300,984,550,1804,314,1030,13.98,0,50,Sunny,3361
20036,Store C,127,1027,8214600,0,64682,7999,3/1/2012,3,2012,Thursday,300,984,550,1804,314,1030,13.89,0,57,Cloudy,3009
20036,Store C,129,929,8292200,0,64281,8926,3/2/2012,3,2012,Friday,300,984,550,1804,314,1030,13.77,0,50,NA,4040
20036,Store C,133,942,10285200,0,77332,10918,3/3/2012,3,2012,Saturday,300,984,550,1804,314,1030,13.68,0,53,Sunny,4889
20036,Store C,135,1297,12312950,47050,91207,9493,3/4/2012,3,2012,Sunday,300,984,550,1804,314,1030,13.61,0,50,Rainy,4024
20036,Store C,121,885,7009200,0,57927,7920,3/5/2012,3,2012,Monday,300,984,550,1804,314,1030,13.46,0,48,Rainy,4107
20036,Store C,126,1156,7688250,750,61018,6651,3/6/2012,3,2012,Tuesday,300,984,550,1804,314,1030,13.6,0,41,Rainy,4140
20036,Store C,161,1148,8707000,0,54081,7584,3/7/2012,3,2012,Wednesday,300,984,550,1804,314,1030,13.82,0,42,Sunny,4188
20036,Store C,119,953,8662700,11400,72796,9090,3/8/2012,3,2012,Thursday,300,984,550,1804,314,1030,13.89,0,42,NA,3277
20036,Store C,182,2044,14475820,4756830,79537,7082,3/9/2012,3,2012,Friday,300,984,550,1804,314,1030,13.72,0,46,NA,3962
20036,Store C,176,1368,9003590,3101310,51157,6582,3/10/2012,3,2012,Saturday,300,984,550,1804,314,1030,13.62,0,46,Sunny,5026
20036,Store C,232,3295,20770500,6295500,89528,6304,3/11/2012,3,2012,Sunday,300,984,550,1804,314,1030,13.52,0,35,Snowy,5226
20036,Store C,143,941,7693700,0,53802,8176,3/12/2012,3,2012,Monday,300,984,550,1804,314,1030,13.52,0,37,Sunny,5063
20036,Store C,136,1318,11326600,0,83284,8594,3/13/2012,3,2012,Tuesday,300,984,550,1804,314,1030,13.62,0,44,NA,4473
20036,Store C,147,1005,8118600,0,55229,8078,3/14/2012,3,2012,Wednesday,300,984,550,1804,314,1030,13.6,0,42,NA,4195
20036,Store C,128,1401,11002700,0,85959,7853,3/15/2012,3,2012,Thursday,300,984,550,1804,314,1030,13.51,0,53,Sunny,3707
20036,Store C,134,1586,11259500,0,84026,7099,3/16/2012,3,2012,Friday,300,984,550,1804,314,1030,13.46,0,55,Rainy,3737
20610,Store C,3,63,49900,0,16633,792,9/2/2012,9,2012,Sunday,250,820,500,1640,240,787,14.4,0,84,Sunny,5250
20610,Store C,167,1026,11693000,0,70018,11397,9/4/2012,9,2012,Tuesday,250,820,500,1640,240,787,14.45,0,73,Rainy,3686
20610,Store C,135,1582,12801600,0,94827,8092,9/5/2012,9,2012,Wednesday,250,820,500,1640,240,787,14.44,0,77,Rainy,6226
20610,Store C,129,727,10059000,0,77977,13836,9/6/2012,9,2012,Thursday,250,820,500,1640,240,787,14.47,0,78,Sunny,3448
20610,Store C,161,1603,10235860,3295340,63577,6385,9/7/2012,9,2012,Friday,250,820,500,1640,240,787,14.42,0,80,Cloudy,4374
20610,Store C,156,2425,15678070,3764630,100500,6465,9/8/2012,9,2012,Saturday,250,820,500,1640,240,787,14.35,0,73,Rainy,4886
20610,Store C,144,2038,18954720,3775580,131630,9301,9/9/2012,9,2012,Sunday,250,820,500,1640,240,787,14.28,0,77,Cloudy,4923
20610,Store C,133,1133,12533600,0,94238,11062,9/10/2012,9,2012,Monday,250,820,500,1640,240,787,14,0,80,Sunny,3936
20610,Store C,159,1142,11168900,0,70245,9780,9/11/2012,9,2012,Tuesday,250,820,500,1640,240,787,14.26,0,82,Sunny,3984
20610,Store C,138,1136,9051600,0,65591,7968,9/12/2012,9,2012,Wednesday,250,820,500,1640,240,787,14.45,0,77,Cloudy,3601
20610,Store C,141,1407,9876700,9000,70048,7020,9/13/2012,9,2012,Thursday,250,820,500,1640,240,787,14.46,0,69,Rainy,2668
20610,Store C,100,1284,8106300,0,81063,6313,9/14/2012,9,2012,Friday,250,820,500,1640,240,787,14.51,0,69,Rainy,3175
20610,Store C,90,1091,8864200,0,98491,8125,9/15/2012,9,2012,Saturday,250,820,500,1640,240,787,14.36,1,77,Cloudy,4434
20610,Store C,99,810,7569400,0,76459,9345,9/16/2012,9,2012,Sunday,250,820,500,1640,240,787,14.14,1,71,Rainy,3207
20610,Store C,65,597,5481300,6300,84328,9181,9/17/2012,9,2012,Monday,250,820,500,1640,240,787,14.23,1,64,Rainy,3962
20610,Store C,124,753,7954100,12600,64146,10563,9/18/2012,9,2012,Tuesday,250,820,500,1640,240,787,14.21,0,75,Cloudy,3649
20610,Store C,92,947,7378900,0,80205,7792,9/19/2012,9,2012,Wednesday,250,820,500,1640,240,787,14.2,0,77,Sunny,2655
20610,Store C,89,969,10009900,0,112471,10330,9/20/2012,9,2012,Thursday,250,820,500,1640,240,787,14.17,0,75,Rainy,2829
20610,Store C,86,988,6186200,9000,71933,6261,9/21/2012,9,2012,Friday,250,820,500,1640,240,787,14.3,0,75,Cloudy,2851
20610,Store C,89,807,7256600,7800,81535,8992,9/22/2012,9,2012,Saturday,250,820,500,1640,240,787,14.3,1,78,Sunny,3169
20610,Store C,88,570,6421000,0,72966,11265,9/23/2012,9,2012,Sunday,250,820,500,1640,240,787,14.19,1,78,Cloudy,3195
20610,Store C,83,856,9568600,9000,115284,11178,9/24/2012,9,2012,Monday,250,820,500,1640,240,787,14.3,1,80,Sunny,4327
20610,Store C,85,863,7610700,0,89538,8819,9/25/2012,9,2012,Tuesday,250,820,500,1640,240,787,14.35,0,80,Sunny,3676
20610,Store C,84,507,6384900,6300,76011,12593,9/26/2012,9,2012,Wednesday,250,820,500,1640,240,787,14.36,0,77,Sunny,2535
20610,Store C,77,715,6009500,0,78045,8405,9/27/2012,9,2012,Thursday,250,820,500,1640,240,787,14.39,0,73,Cloudy,1633
20610,Store C,54,490,5870500,0,108713,11981,9/28/2012,9,2012,Friday,250,820,500,1640,240,787,14.37,0,71,Rainy,1732
20610,Store C,64,683,4914600,0,76791,7196,9/29/2012,9,2012,Saturday,250,820,500,1640,240,787,14.32,0,66,Rainy,1886
20610,Store C,111,770,6600500,13500,59464,8572,9/30/2012,9,2012,Sunday,250,820,500,1640,240,787,14.19,0,68,Sunny,1656
20610,Store C,60,586,3765700,0,62762,6426,10/1/2012,10,2012,Monday,250,820,500,1640,240,787,14.06,0,73,Sunny,1219
20610,Store C,78,562,6182700,0,79265,11001,10/2/2012,10,2012,Tuesday,250,820,500,1640,240,787,14.19,0,75,Sunny,
20610,Store C,64,456,3598100,0,56220,7891,10/3/2012,10,2012,Wednesday,250,820,500,1640,240,787,14.24,0,77,Sunny,
20610,Store C,55,645,2869400,3600,52171,4449,10/4/2012,10,2012,Thursday,250,820,500,1640,240,787,14.2,0,75,Cloudy,
20610,Store C,96,1457,8378830,2203670,87279,5751,10/5/2012,10,2012,Friday,250,820,500,1640,240,787,14.16,0,71,Sunny,
20610,Store C,146,1580,13383110,4122590,91665,8470,10/6/2012,10,2012,Saturday,250,820,500,1640,240,787,14.12,1,75,Sunny,
20610,Store C,159,2255,15924910,4916790,100157,7062,10/7/2012,10,2012,Sunday,250,820,500,1640,240,787,14.09,1,75,Sunny,
20610,Store C,56,631,4823900,0,86141,7645,10/8/2012,10,2012,Monday,250,820,500,1640,240,787,13.89,1,73,Sunny,2539
20610,Store C,54,465,4080700,3600,75569,8776,10/9/2012,10,2012,Tuesday,250,820,500,1640,240,787,14.03,0,71,Cloudy,2897
20610,Store C,57,471,4469600,0,78414,9490,10/10/2012,10,2012,Wednesday,250,820,500,1640,240,787,14.18,0,69,Rainy,2482
20610,Store C,62,649,5895500,0,95089,9084,10/11/2012,10,2012,Thursday,250,820,500,1640,240,787,14.22,0,66,Sunny,2101
20610,Store C,54,545,6891900,0,127628,12646,10/12/2012,10,2012,Friday,250,820,500,1640,240,787,14.22,0,69,Sunny,3964
20610,Store C,73,575,6673700,4500,91421,11606,10/13/2012,10,2012,Saturday,250,820,500,1640,240,787,14.16,0,73,Sunny,3274
20610,Store C,86,852,7936800,4500,92288,9315,10/14/2012,10,2012,Sunday,250,820,500,1640,240,787,14.04,0,69,Cloudy,3728
20610,Store C,62,638,5216900,0,84144,8177,10/15/2012,10,2012,Monday,250,820,500,1640,240,787,14.14,0,68,Sunny,2711
20610,Store C,86,546,6556000,0,76233,12007,10/16/2012,10,2012,Tuesday,250,820,500,1640,240,787,14.13,0,75,Cloudy,3038
20610,Store C,85,647,6876900,4500,80905,10629,10/17/2012,10,2012,Wednesday,250,820,500,1640,240,787,14.03,0,62,Rainy,2596
20610,Store C,101,790,6586300,9000,65211,8337,10/18/2012,10,2012,Thursday,250,820,500,1640,240,787,14.01,0,60,Sunny,2431
20610,Store C,75,606,4503600,0,60048,7432,10/19/2012,10,2012,Friday,250,820,500,1640,240,787,13.94,0,66,Sunny,2961
20610,Store C,99,996,9500700,4500,95967,9539,10/20/2012,10,2012,Saturday,250,820,500,1640,240,787,13.92,0,68,Cloudy,3561
20610,Store C,92,798,8505000,0,92446,10658,10/21/2012,10,2012,Sunday,250,820,500,1640,240,787,13.78,0,73,Cloudy,3561
20610,Store C,89,788,7328500,0,82343,9300,10/22/2012,10,2012,Monday,250,820,500,1640,240,787,13.82,0,64,Rainy,2842
20610,Store C,61,480,5285000,0,86639,11010,10/23/2012,10,2012,Tuesday,250,820,500,1640,240,787,13.85,0,57,Sunny,2957
20610,Store C,91,735,9643700,0,105975,13121,10/24/2012,10,2012,Wednesday,250,820,500,1640,240,787,13.8,0,64,Sunny,2297
20610,Store C,86,659,4258100,4500,49513,6461,10/25/2012,10,2012,Thursday,250,820,500,1640,240,787,13.81,0,68,Sunny,2635
20610,Store C,84,648,5274400,9000,62790,8140,10/26/2012,10,2012,Friday,250,820,500,1640,240,787,13.72,0,69,Cloudy,3027
20610,Store C,84,864,8412800,0,100152,9737,10/27/2012,10,2012,Saturday,250,820,500,1640,240,787,13.7,0,62,Rainy,3043
20610,Store C,83,870,7626300,6900,91883,8766,10/28/2012,10,2012,Sunday,250,820,500,1640,240,787,13.62,0,64,Sunny,2798
20610,Store C,70,396,5393500,0,77050,13620,10/29/2012,10,2012,Monday,250,820,500,1640,240,787,13.41,0,59,Cloudy,2349
20610,Store C,67,532,5358500,0,79978,10072,10/30/2012,10,2012,Tuesday,250,820,500,1640,240,787,13.61,0,51,Sunny,2137
20610,Store C,82,666,4737900,0,57779,7114,10/31/2012,10,2012,Wednesday,250,820,500,1640,240,787,13.71,0,51,Rainy,1628
20610,Store C,66,393,3119100,0,47259,7937,11/1/2012,11,2012,Thursday,250,820,500,1640,240,787,13.66,0,50,Sunny,1857
20610,Store C,117,2009,10023690,4033310,85673,4989,11/2/2012,11,2012,Friday,250,820,500,1640,240,787,13.62,0,51,Sunny,1870
20610,Store C,169,3949,15111990,5736910,89420,3827,11/3/2012,11,2012,Saturday,250,820,500,1640,240,787,13.57,0,57,Sunny,2178
20610,Store C,154,3090,15017140,5874260,97514,4860,11/4/2012,11,2012,Sunday,250,820,500,1640,240,787,13.46,0,59,Rainy,2112
20610,Store C,114,1973,11631670,4546530,102032,5895,11/5/2012,11,2012,Monday,250,820,500,1640,240,787,13.38,0,51,Rainy,2302
20610,Store C,65,549,5142000,4500,79108,9366,11/6/2012,11,2012,Tuesday,250,820,500,1640,240,787,13.58,0,48,Rainy,2017
20610,Store C,52,336,4173900,0,80267,12422,11/7/2012,11,2012,Wednesday,250,820,500,1640,240,787,13.58,0,53,Sunny,1926
20610,Store C,77,363,4008600,0,52060,11043,11/8/2012,11,2012,Thursday,250,820,500,1640,240,787,13.55,0,57,Cloudy,2052
20610,Store C,81,728,6236100,0,76989,8566,11/9/2012,11,2012,Friday,250,820,500,1640,240,787,13.63,0,55,Cloudy,2639
20610,Store C,85,802,6392800,13800,75209,7971,11/10/2012,11,2012,Saturday,250,820,500,1640,240,787,13.69,0,59,Cloudy,2730
20610,Store C,100,1259,17572200,4500,175722,13957,11/11/2012,11,2012,Sunday,250,820,500,1640,240,787,13.53,0,55,Rainy,2435
20610,Store C,69,560,7112000,4500,103072,12700,11/12/2012,11,2012,Monday,250,820,500,1640,240,787,13.31,0,48,Rainy,2317
20610,Store C,74,579,4115400,0,55614,7108,11/13/2012,11,2012,Tuesday,250,820,500,1640,240,787,13.54,0,48,Snowy,2356
20610,Store C,60,419,2428200,0,40470,5795,11/14/2012,11,2012,Wednesday,250,820,500,1640,240,787,13.71,0,42,Snowy,1760
20610,Store C,68,674,5186700,4500,76275,7695,11/15/2012,11,2012,Thursday,250,820,500,1640,240,787,13.59,0,48,Sunny,2172
20610,Store C,74,487,5259100,0,71069,10799,11/16/2012,11,2012,Friday,250,820,500,1640,240,787,13.44,0,48,Rainy,4056
20610,Store C,121,845,8343600,4500,68955,9874,11/17/2012,11,2012,Saturday,250,820,500,1640,240,787,13.43,0,46,Rainy,3262
20610,Store C,136,1209,8359100,0,61464,6914,11/18/2012,11,2012,Sunday,250,820,500,1640,240,787,13.38,0,44,Sunny,2359
20610,Store C,93,786,6499600,0,69888,8269,11/19/2012,11,2012,Monday,250,820,500,1640,240,787,13.42,0,46,Rainy,2617
20610,Store C,84,554,5740500,0,68339,10362,11/20/2012,11,2012,Tuesday,250,820,500,1640,240,787,13.38,0,42,Sunny,2159
20610,Store C,78,710,4862000,23400,62333,6848,11/21/2012,11,2012,Wednesday,250,820,500,1640,240,787,13.29,0,46,Cloudy,3059
20610,Store C,89,587,7073900,4500,79482,12051,11/22/2012,11,2012,Thursday,250,820,500,1640,240,787,13.17,0,50,Rainy,3318
20610,Store C,126,1040,9242400,12600,73352,8887,11/23/2012,11,2012,Friday,250,820,500,1640,240,787,13.13,1,41,Sunny,3771
20610,Store C,120,907,7873500,6300,65613,8681,11/24/2012,11,2012,Saturday,250,820,500,1640,240,787,13.18,1,42,Sunny,1783
20610,Store C,77,699,5701900,0,74051,8157,11/25/2012,11,2012,Sunday,250,820,500,1640,240,787,13,1,44,Rainy,2713
20610,Store C,85,667,4034100,0,47460,6048,11/26/2012,11,2012,Monday,250,820,500,1640,240,787,12.83,0,41,Snowy,2489
20610,Store C,78,778,5896000,0,75590,7578,11/27/2012,11,2012,Tuesday,250,820,500,1640,240,787,13.07,0,42,Sunny,2485
20610,Store C,75,534,6076900,0,81025,11380,11/28/2012,11,2012,Wednesday,250,820,500,1640,240,787,13.2,0,51,Rainy,2431
20610,Store C,65,463,3112500,0,47885,6722,11/29/2012,11,2012,Thursday,250,820,500,1640,240,787,13.25,0,39,Sunny,2332
20610,Store C,68,639,5688300,0,83651,8902,11/30/2012,11,2012,Friday,250,820,500,1640,240,787,13.19,0,42,Rainy,2129
20610,Store C,75,948,8624700,4500,114996,9098,12/1/2012,12,2012,Saturday,250,820,500,1640,240,787,13.12,0,35,Sunny,2587
20610,Store C,84,595,5060300,0,60242,8505,12/2/2012,12,2012,Sunday,250,820,500,1640,240,787,12.98,0,42,Cloudy,2534
20610,Store C,87,631,7158600,0,82283,11345,12/3/2012,12,2012,Monday,250,820,500,1640,240,787,12.81,0,42,Snowy,2104
20610,Store C,63,360,4333900,9000,68792,12039,12/4/2012,12,2012,Tuesday,250,820,500,1640,240,787,13.02,0,32,Sunny,1684
20610,Store C,52,715,4404500,0,84702,6160,12/5/2012,12,2012,Wednesday,250,820,500,1640,240,787,13.2,0,32,Snowy,2534
20610,Store C,70,608,5125700,0,73224,8430,12/6/2012,12,2012,Thursday,250,820,500,1640,240,787,13.16,0,26,Snowy,2546
20610,Store C,129,3862,12574280,3909220,97475,3256,12/7/2012,12,2012,Friday,250,820,500,1640,240,787,13.13,0,28,Snowy,2440
20610,Store C,130,3132,12938190,4656710,99525,4131,12/8/2012,12,2012,Saturday,250,820,500,1640,240,787,13.12,0,19,Sunny,2558
20610,Store C,141,2464,13058240,4306660,92612,5300,12/9/2012,12,2012,Sunday,250,820,500,1640,240,787,13,0,17,Sunny,2478
20610,Store C,77,992,5992700,0,77827,6041,12/10/2012,12,2012,Monday,250,820,500,1640,240,787,13.09,0,21,Sunny,1493
20610,Store C,81,780,5279900,0,65184,6769,12/11/2012,12,2012,Tuesday,250,820,500,1640,240,787,13.1,0,26,Sunny,1450
20610,Store C,66,704,4520900,0,68498,6422,12/12/2012,12,2012,Wednesday,250,820,500,1640,240,787,13.05,0,30,Sunny,18114
20610,Store C,66,765,4107400,0,62233,5369,12/13/2012,12,2012,Thursday,250,820,500,1640,240,787,12.96,0,37,Sunny,1894
20610,Store C,73,605,4583000,0,62781,7575,12/14/2012,12,2012,Friday,250,820,500,1640,240,787,12.85,0,37,Rainy,1937
20610,Store C,111,827,7401700,0,66682,8950,12/15/2012,12,2012,Saturday,250,820,500,1640,240,787,12.83,0,44,Cloudy,2401
20610,Store C,83,817,6173100,0,74375,7556,12/16/2012,12,2012,Sunday,250,820,500,1640,240,787,12.73,0,39,Cloudy,2533
20610,Store C,64,650,3784400,0,59131,5822,12/17/2012,12,2012,Monday,250,820,500,1640,240,787,12.52,0,37,Sunny,12119
20610,Store C,66,456,4239300,0,64232,9297,12/18/2012,12,2012,Tuesday,250,820,500,1640,240,787,12.65,0,24,Sunny,1593
20610,Store C,70,379,3462100,0,49459,9135,12/19/2012,12,2012,Wednesday,250,820,500,1640,240,787,12.76,0,24,Sunny,1572
20610,Store C,50,608,4423300,0,88466,7275,12/20/2012,12,2012,Thursday,250,820,500,1640,240,787,12.7,0,32,Sunny,1271
20610,Store C,70,1008,4655800,0,66511,4619,12/21/2012,12,2012,Friday,250,820,500,1640,240,787,12.74,0,32,Snowy,1611
20610,Store C,79,735,4992100,7200,63191,6792,12/22/2012,12,2012,Saturday,250,820,500,1640,240,787,12.77,1,30,Cloudy,2257
20610,Store C,87,702,6436500,0,73983,9169,12/23/2012,12,2012,Sunday,250,820,500,1640,240,787,12.76,1,19,Sunny,1293
20610,Store C,66,442,3404400,4500,51582,7702,12/24/2012,12,2012,Monday,250,820,500,1640,240,787,12.76,1,21,Snowy,995
20610,Store C,38,268,2849500,0,74987,10632,12/25/2012,12,2012,Tuesday,250,820,500,1640,240,787,12.7,0,21,Snowy,1518
20610,Store C,76,625,5025500,0,66125,8041,12/26/2012,12,2012,Wednesday,250,820,500,1640,240,787,12.65,0,17,Sunny,2930
20610,Store C,109,1016,5515800,0,50604,5429,12/27/2012,12,2012,Thursday,250,820,500,1640,240,787,12.61,0,28,Sunny,2007
20610,Store C,95,952,8435600,0,88796,8861,12/28/2012,12,2012,Friday,250,820,500,1640,240,787,12.48,0,35,Snowy,1808
20610,Store C,69,525,3220900,0,46680,6135,12/29/2012,12,2012,Saturday,250,820,500,1640,240,787,12.38,0,32,Snowy,2160
20610,Store C,108,889,8068100,0,74705,9075,12/30/2012,12,2012,Sunday,250,820,500,1640,240,787,12.41,0,32,Snowy,3015
20610,Store C,109,904,8335600,0,76473,9221,12/31/2012,12,2012,Monday,250,820,500,1640,240,787,12.42,0,19,Sunny,2103
20610,Store C,98,762,4968300,0,50697,6520,1/1/2013,1,2013,Tuesday,250,820,500,1640,240,787,12.29,0,32,Snowy,2054
20610,Store C,86,549,6290300,0,73143,11458,1/2/2013,1,2013,Wednesday,250,820,500,1640,240,787,12.28,0,21,Sunny,3761
20610,Store C,120,841,7763400,0,64695,9231,1/3/2013,1,2013,Thursday,250,820,500,1640,240,787,12.21,0,14,Sunny,3761
20610,Store C,116,926,11639500,4500,100341,12570,1/4/2013,1,2013,Friday,250,820,500,1640,240,787,12.19,0,17,Sunny,2159
20610,Store C,78,503,4457200,0,57144,8861,1/5/2013,1,2013,Saturday,250,820,500,1640,240,787,12.08,0,28,Snowy,1505
20610,Store C,59,402,3282500,0,55636,8165,1/6/2013,1,2013,Sunday,250,820,500,1640,240,787,11.9,0,24,Cloudy,1552
20610,Store C,52,328,1981200,10800,38100,6040,1/7/2013,1,2013,Monday,250,820,500,1640,240,787,11.71,0,28,Cloudy,1097
20610,Store C,59,523,4001800,4500,67827,7652,1/8/2013,1,2013,Tuesday,250,820,500,1640,240,787,11.96,0,28,Sunny,1019
20610,Store C,55,389,3556200,0,64658,9142,1/9/2013,1,2013,Wednesday,250,820,500,1640,240,787,12.15,0,17,Sunny,915
20610,Store C,46,308,2372000,4500,51565,7701,1/10/2013,1,2013,Thursday,250,820,500,1640,240,787,12.12,0,23,Sunny,841
20610,Store C,64,278,2567700,0,40120,9236,1/11/2013,1,2013,Friday,250,820,500,1640,240,787,12.01,0,33,Cloudy,1103
20610,Store C,64,321,3471300,0,54239,10814,1/12/2013,1,2013,Saturday,250,820,500,1640,240,787,11.85,1,39,Snowy,2301
20610,Store C,100,833,6001000,4500,60010,7204,1/13/2013,1,2013,Sunday,250,820,500,1640,240,787,11.7,1,32,Cloudy,1332
20610,Store C,67,471,3344700,0,49921,7101,1/14/2013,1,2013,Monday,250,820,500,1640,240,787,11.48,1,35,Cloudy,1490
20610,Store C,68,410,4540600,0,66774,11075,1/15/2013,1,2013,Tuesday,250,820,500,1640,240,787,11.66,0,35,Sunny,1522
20610,Store C,70,375,4221800,0,60311,11258,1/16/2013,1,2013,Wednesday,250,820,500,1640,240,787,11.87,0,32,Snowy,1409
20610,Store C,85,395,2463120,902480,28978,6236,1/17/2013,1,2013,Thursday,250,820,500,1640,240,787,11.97,0,24,Sunny,1442
20610,Store C,93,797,4332310,1335690,46584,5436,1/18/2013,1,2013,Friday,250,820,500,1640,240,787,11.88,0,32,Sunny,1717
20610,Store C,90,1018,6215080,2091820,69056,6105,1/19/2013,1,2013,Saturday,250,820,500,1640,240,787,11.75,0,39,Sunny,2009
20610,Store C,131,1193,7032150,2082150,53681,5895,1/20/2013,1,2013,Sunday,250,820,500,1640,240,787,11.66,0,39,Cloudy,2413
20610,Store C,107,1269,7281580,2366020,68052,5738,1/21/2013,1,2013,Monday,250,820,500,1640,240,787,11.53,0,39,Rainy,1877
20610,Store C,52,423,3245100,4500,62406,7672,1/22/2013,1,2013,Tuesday,250,820,500,1640,240,787,11.74,0,41,Rainy,2085
20610,Store C,72,480,4498400,6900,62478,9372,1/23/2013,1,2013,Wednesday,250,820,500,1640,240,787,11.93,0,37,Rainy,1798
20610,Store C,74,636,4563300,-2700,61666,7175,1/24/2013,1,2013,Thursday,250,820,500,1640,240,787,12.03,0,37,Snowy,1971
20610,Store C,72,586,5610500,0,77924,9574,1/25/2013,1,2013,Friday,250,820,500,1640,240,787,11.94,0,21,Sunny,2719
20610,Store C,134,990,9462950,4500,70619,9559,1/26/2013,1,2013,Saturday,250,820,500,1640,240,787,11.82,0,21,Sunny,2638
20610,Store C,97,606,4582100,4500,47238,7561,1/27/2013,1,2013,Sunday,250,820,500,1640,240,787,11.69,0,24,Sunny,2467
20610,Store C,91,451,5005700,0,55008,11099,1/28/2013,1,2013,Monday,250,820,500,1640,240,787,11.8,0,32,Cloudy,1859
20610,Store C,76,210,3000000,0,39474,14286,1/29/2013,1,2013,Tuesday,250,820,500,1640,240,787,11.93,0,41,Snowy,1889
20610,Store C,95,320,3753200,0,39507,11729,1/30/2013,1,2013,Wednesday,250,820,500,1640,240,787,11.96,0,48,Cloudy,1921
20610,Store C,78,439,3546600,0,45469,8079,1/31/2013,1,2013,Thursday,250,820,500,1640,240,787,11.91,0,51,Sunny,1867
20610,Store C,61,387,2286000,0,37475,5907,2/1/2013,2,2013,Friday,250,820,500,1640,240,787,11.94,0,48,Rainy,1891
20610,Store C,66,647,4133700,4900,62632,6389,2/2/2013,2,2013,Saturday,250,820,500,1640,240,787,11.87,0,35,Sunny,2518
20610,Store C,89,683,4208500,0,47287,6162,2/3/2013,2,2013,Sunday,250,820,500,1640,240,787,11.78,0,30,Snowy,3038
20610,Store C,94,809,5615200,4500,59736,6941,2/4/2013,2,2013,Monday,250,820,500,1640,240,787,11.52,0,33,Snowy,3542
20610,Store C,105,778,5730000,27600,54571,7365,2/5/2013,2,2013,Tuesday,250,820,500,1640,240,787,11.71,0,35,Snowy,
20610,Store C,98,678,5676800,0,57927,8373,2/6/2013,2,2013,Wednesday,250,820,500,1640,240,787,11.7,0,33,Snowy,
20610,Store C,79,865,3813100,6900,48267,4408,2/7/2013,2,2013,Thursday,250,820,500,1640,240,787,11.61,0,28,Sunny,
20610,Store C,46,240,1428900,0,31063,5954,2/8/2013,2,2013,Friday,250,820,500,1640,240,787,11.63,0,15,Sunny,
20610,Store C,88,966,6193500,0,70381,6411,2/9/2013,2,2013,Saturday,250,820,500,1640,240,787,11.75,1,28,Sunny,
20610,Store C,100,1146,8201700,0,82017,7157,2/10/2013,2,2013,Sunday,250,820,500,1640,240,787,11.74,1,28,Snowy,
20610,Store C,75,613,5544600,0,73928,9045,2/11/2013,2,2013,Monday,250,820,500,1640,240,787,11.63,1,26,cloudy,
20610,Store C,90,979,5031300,0,55903,5139,2/12/2013,2,2013,Tuesday,250,820,500,1640,240,787,11.73,0,28,cloudy,
20610,Store C,88,675,3492900,14700,39692,5175,2/13/2013,2,2013,Wednesday,250,820,500,1640,240,787,11.62,0,35,cloudy,
20610,Store C,81,597,3158580,1097720,38995,5291,2/14/2013,2,2013,Thursday,250,820,500,1640,240,787,11.63,0,41,cloudy,
20610,Store C,110,965,4143500,1295900,37668,4294,2/15/2013,2,2013,Friday,250,820,500,1640,240,787,11.61,0,32,cloudy,
20610,Store C,145,1532,8773590,2675110,60508,5727,2/16/2013,2,2013,Saturday,250,820,500,1640,240,787,11.6,0,33,Sunny,
20610,Store C,167,2684,10019900,3209300,59999,3733,2/17/2013,2,2013,Sunday,250,820,500,1640,240,787,11.48,0,42,cloudy,
20610,Store C,146,1534,7188060,2475240,49233,4686,2/18/2013,2,2013,Monday,250,820,500,1640,240,787,11.25,0,35,cloudy,
20610,Store C,131,1159,6445300,4500,49201,5561,2/19/2013,2,2013,Tuesday,250,820,500,1640,240,787,11.46,0,32,Sunny,
20610,Store C,92,845,6529400,0,70972,7727,2/20/2013,2,2013,Wednesday,250,820,500,1640,240,787,11.53,0,30,Sunny,
20610,Store C,89,470,3732300,0,41936,7941,2/21/2013,2,2013,Thursday,250,820,500,1640,240,787,11.52,0,35,Sunny,
20610,Store C,96,718,4594200,9000,47856,6399,2/22/2013,2,2013,Friday,250,820,500,1640,240,787,11.62,0,39,Snowy,
20610,Store C,105,636,6005100,0,57191,9442,2/23/2013,2,2013,Saturday,250,820,500,1640,240,787,11.63,0,35,Sunny,
20610,Store C,115,1041,7235400,4500,62917,6950,2/24/2013,2,2013,Sunday,250,820,500,1640,240,787,11.5,0,41,Sunny,
20610,Store C,81,631,4837600,0,59723,7667,2/25/2013,2,2013,Monday,250,820,500,1640,240,787,11.33,0,44,cloudy,
20610,Store C,109,780,6141300,4500,56342,7873,2/26/2013,2,2013,Tuesday,250,820,500,1640,240,787,11.47,0,46,Rainy,
20610,Store C,83,497,3560200,0,42894,7163,2/27/2013,2,2013,Wednesday,250,820,500,1640,240,787,11.82,0,44,Cloudy,
20610,Store C,105,828,6032600,0,57453,7286,2/28/2013,2,2013,Thursday,250,820,500,1640,240,787,11.81,0,55,Rainy,
20610,Store C,95,549,5417900,0,57031,9869,3/1/2013,3,2013,Friday,250,820,500,1640,240,787,11.72,0,44,Rainy,
20610,Store C,104,927,7834900,3600,75336,8452,3/2/2013,3,2013,Saturday,250,820,500,1640,240,787,11.66,0,35,Sunny,
20610,Store C,97,688,5710700,0,58873,8300,3/3/2013,3,2013,Sunday,250,820,500,1640,240,787,11.57,0,39,Sunny,
20610,Store C,72,461,3289900,0,45693,7136,3/4/2013,3,2013,Monday,250,820,500,1640,240,787,11.33,0,46,Sunny,
20610,Store C,103,950,6534500,0,63442,6878,3/5/2013,3,2013,Tuesday,250,820,500,1640,240,787,11.54,0,46,Sunny,
20610,Store C,108,1032,6852200,3600,63446,6640,3/6/2013,3,2013,Wednesday,250,820,500,1640,240,787,11.64,0,57,Sunny,
20610,Store C,90,888,5314600,0,59051,5985,3/7/2013,3,2013,Thursday,250,820,500,1640,240,787,11.59,0,51,Rainy,
20610,Store C,70,905,5232000,3600,74743,5781,3/8/2013,3,2013,Friday,250,820,500,1640,240,787,11.52,0,55,Cloudy,
20610,Store C,104,1307,8597900,0,82672,6578,3/9/2013,3,2013,Saturday,250,820,500,1640,240,787,11.4,0,71,Cloudy,
20610,Store C,107,858,6121500,0,57210,7135,3/10/2013,3,2013,Sunday,250,820,500,1640,240,787,11.34,0,44,Sunny,
20610,Store C,110,1624,10240100,0,93092,6305,3/11/2013,3,2013,Monday,250,820,500,1640,240,787,11.21,0,50,Sunny,
20610,Store C,105,1405,6835100,8400,65096,4865,3/12/2013,3,2013,Tuesday,250,820,500,1640,240,787,11.37,0,53,Rainy,
20610,Store C,89,1894,7876400,0,88499,4159,3/13/2013,3,2013,Wednesday,250,820,500,1640,240,787,11.37,0,46,Rainy,
20610,Store C,122,2498,8292960,4438340,67975,3320,3/14/2013,3,2013,Thursday,250,820,500,1640,240,787,11.43,0,46,Sunny,
20610,Store C,135,1945,8611630,3252770,63790,4428,3/15/2013,3,2013,Friday,250,820,500,1640,240,787,11.49,0,48,Sunny,
20610,Store C,128,1780,9089730,3604070,71014,5107,3/16/2013,3,2013,Saturday,250,820,500,1640,240,787,11.56,0,51,Sunny,
20240,Store D,207,1468,10626800,0,51337,7239,9/1/2011,9,2011,Thursday,400,1312,300,984,400,1312,13.93,0,87,NA,
20240,Store D,197,1015,9339700,0,47410,9202,9/2/2011,9,2011,Friday,400,1312,300,984,400,1312,13.83,0,89,NA,
20240,Store D,178,834,9091100,0,51074,10901,9/3/2011,9,2011,Saturday,400,1312,300,984,400,1312,13.83,0,87,Cloudy,
20240,Store D,191,1124,9128100,0,47791,8121,9/4/2011,9,2011,Sunday,400,1312,300,984,400,1312,13.85,0,84,Cloudy,
20240,Store D,184,1087,10001500,0,54356,9201,9/5/2011,9,2011,Monday,400,1312,300,984,400,1312,13.85,0,82,Sunny,
20240,Store D,188,1203,9611600,0,51126,7990,9/6/2011,9,2011,Tuesday,400,1312,300,984,400,1312,13.9,0,82,Sunny,
20240,Store D,219,1175,9103200,0,41567,7747,9/7/2011,9,2011,Wednesday,400,1312,300,984,400,1312,13.91,0,80,Cloudy,
20240,Store D,149,839,5864300,0,39358,6990,9/8/2011,9,2011,Thursday,400,1312,300,984,400,1312,13.86,0,77,Cloudy,
20240,Store D,159,1239,11642100,0,73221,9396,9/9/2011,9,2011,Friday,400,1312,300,984,400,1312,13.87,0,69,Rainy,
20240,Store D,182,1166,9046800,0,49708,7759,9/10/2011,9,2011,Saturday,400,1312,300,984,400,1312,13.88,0,78,NA,
20240,Store D,211,1322,12053200,0,57124,9117,9/11/2011,9,2011,Sunday,400,1312,300,984,400,1312,13.87,0,73,Rainy,
20240,Store D,127,721,6111000,0,48118,8476,9/12/2011,9,2011,Monday,400,1312,300,984,400,1312,13.87,0,80,Cloudy,
20240,Store D,175,873,6297700,0,35987,7214,9/13/2011,9,2011,Tuesday,400,1312,300,984,400,1312,13.97,0,84,Cloudy,
20240,Store D,132,709,6805600,0,51558,9599,9/14/2011,9,2011,Wednesday,400,1312,300,984,400,1312,13.96,0,84,NA,
20240,Store D,169,1148,8687600,0,51406,7568,9/15/2011,9,2011,Thursday,400,1312,300,984,400,1312,14.23,0,86,NA,
20240,Store D,182,1359,10912100,0,59957,8030,9/16/2011,9,2011,Friday,400,1312,300,984,400,1312,14.47,0,87,NA,
20240,Store D,226,1961,17273600,0,76432,8809,9/17/2011,9,2011,Saturday,400,1312,300,984,400,1312,14.47,1,86,NA,
20240,Store D,209,1578,15251500,0,72974,9665,9/18/2011,9,2011,Sunday,400,1312,300,984,400,1312,14.45,1,78,Cloudy,
20240,Store D,164,1141,8688000,0,52976,7614,9/19/2011,9,2011,Monday,400,1312,300,984,400,1312,14.44,1,66,Rainy,
20240,Store D,175,1065,11784700,0,67341,11065,9/20/2011,9,2011,Tuesday,400,1312,300,984,400,1312,14.73,0,73,Sunny,
20240,Store D,174,1278,9789100,0,56259,7660,9/21/2011,9,2011,Wednesday,400,1312,300,984,400,1312,14.92,0,75,Sunny,
20240,Store D,153,1397,10012600,0,65442,7167,9/22/2011,9,2011,Thursday,400,1312,300,984,400,1312,15.02,0,75,Sunny,
20240,Store D,192,1512,12373700,0,64446,8184,9/23/2011,9,2011,Friday,400,1312,300,984,400,1312,15.34,1,77,NA,
20240,Store D,207,1522,13593700,0,65670,8931,9/24/2011,9,2011,Saturday,400,1312,300,984,400,1312,15.31,1,78,NA,
20240,Store D,188,1411,11789600,0,62711,8355,9/25/2011,9,2011,Sunday,400,1312,300,984,400,1312,15.2,1,78,NA,
20240,Store D,177,1422,12737000,0,71960,8957,9/26/2011,9,2011,Monday,400,1312,300,984,400,1312,15.2,0,80,NA,
20240,Store D,176,1159,9952600,0,56549,8587,9/27/2011,9,2011,Tuesday,400,1312,300,984,400,1312,15.44,0,84,NA,
20240,Store D,195,1554,11250200,0,57693,7240,9/28/2011,9,2011,Wednesday,400,1312,300,984,400,1312,15.33,0,75,NA,
20240,Store D,195,1557,13670100,0,70103,8780,9/29/2011,9,2011,Thursday,400,1312,300,984,400,1312,15.24,0,66,Rainy,
20240,Store D,168,1572,11693000,0,69601,7438,9/30/2011,9,2011,Friday,400,1312,300,984,400,1312,15.34,0,66,Sunny,
20240,Store D,188,1433,13257700,0,70520,9252,10/1/2011,10,2011,Saturday,400,1312,300,984,400,1312,15.36,0,64,Sunny,
20240,Store D,193,1298,9070100,0,46995,6988,10/2/2011,10,2011,Sunday,400,1312,300,984,400,1312,15.37,0,64,Sunny,
20240,Store D,165,1167,10156300,0,61553,8703,10/3/2011,10,2011,Monday,400,1312,300,984,400,1312,15.4,0,68,Sunny,
20240,Store D,159,1032,10135500,0,63745,9821,10/4/2011,10,2011,Tuesday,400,1312,300,984,400,1312,15.4,0,68,Sunny,
20240,Store D,149,1125,14505700,0,97354,12894,10/5/2011,10,2011,Wednesday,400,1312,300,984,400,1312,15.54,0,71,Sunny,
20240,Store D,158,1006,8439000,0,53411,8389,10/6/2011,10,2011,Thursday,400,1312,300,984,400,1312,15.3,0,69,NA,
20240,Store D,151,1375,10372100,0,68689,7543,10/7/2011,10,2011,Friday,400,1312,300,984,400,1312,15.43,0,69,NA,
20240,Store D,170,1168,10548900,0,62052,9032,10/8/2011,10,2011,Saturday,400,1312,300,984,400,1312,15.37,1,71,NA,
20240,Store D,218,1646,13960700,0,64040,8482,10/9/2011,10,2011,Sunday,400,1312,300,984,400,1312,15.37,1,71,NA,
20240,Store D,153,1342,11941200,0,78047,8898,10/10/2011,10,2011,Monday,400,1312,300,984,400,1312,15.3,1,69,NA,
20240,Store D,148,1298,9673300,0,65360,7452,10/11/2011,10,2011,Tuesday,400,1312,300,984,400,1312,15.18,0,69,NA,
20240,Store D,146,927,9588800,0,65677,10344,10/12/2011,10,2011,Wednesday,400,1312,300,984,400,1312,15.26,0,64,NA,
20240,Store D,151,1270,10719600,0,70991,8441,10/13/2011,10,2011,Thursday,400,1312,300,984,400,1312,15.18,0,73,NA,
20240,Store D,142,1151,12319200,0,86755,10703,10/14/2011,10,2011,Friday,400,1312,300,984,400,1312,15.1,0,60,NA,
20240,Store D,160,1255,10675300,0,66721,8506,10/15/2011,10,2011,Saturday,400,1312,300,984,400,1312,14.99,0,62,Rainy,
20240,Store D,189,1653,12172700,0,64406,7364,10/16/2011,10,2011,Sunday,400,1312,300,984,400,1312,14.94,0,66,Rainy,
20240,Store D,164,1085,13687400,0,83460,12615,10/17/2011,10,2011,Monday,400,1312,300,984,400,1312,14.94,0,57,Sunny,
20240,Store D,174,1199,11011100,0,63282,9184,10/18/2011,10,2011,Tuesday,400,1312,300,984,400,1312,14.91,0,57,Sunny,
20240,Store D,144,1416,13505700,0,93790,9538,10/19/2011,10,2011,Wednesday,400,1312,300,984,400,1312,14.93,0,68,Sunny,
20240,Store D,125,770,8369600,0,66957,10870,10/20/2011,10,2011,Thursday,400,1312,300,984,400,1312,14.81,0,69,Sunny,
20240,Store D,177,1342,13123500,0,74144,9779,10/21/2011,10,2011,Friday,400,1312,300,984,400,1312,14.83,0,69,Cloudy,
20240,Store D,233,1710,17481200,0,75027,10223,10/22/2011,10,2011,Saturday,400,1312,300,984,400,1312,14.93,0,71,Sunny,
20240,Store D,225,1634,16356100,0,72694,10010,10/23/2011,10,2011,Sunday,400,1312,300,984,400,1312,15,0,71,NA,
20240,Store D,182,1137,11751000,0,64566,10335,10/24/2011,10,2011,Monday,400,1312,300,984,400,1312,15.01,0,59,Rainy,
20240,Store D,145,973,9073400,0,62575,9325,10/25/2011,10,2011,Tuesday,400,1312,300,984,400,1312,14.94,0,53,Sunny,
20240,Store D,162,1220,11720300,0,72348,9607,10/26/2011,10,2011,Wednesday,400,1312,300,984,400,1312,14.85,0,59,Sunny,
20240,Store D,155,1897,14872200,0,95950,7840,10/27/2011,10,2011,Thursday,400,1312,300,984,400,1312,14.87,0,66,NA,
20240,Store D,178,1074,12229750,0,68706,11387,10/28/2011,10,2011,Friday,400,1312,300,984,400,1312,14.67,0,66,NA,
20240,Store D,210,1490,17042950,0,81157,11438,10/29/2011,10,2011,Saturday,400,1312,300,984,400,1312,14.56,0,59,NA,
20240,Store D,182,1345,12130500,0,66651,9019,10/30/2011,10,2011,Sunday,400,1312,300,984,400,1312,14.54,0,68,NA,
20240,Store D,169,1237,12505500,0,73997,10110,10/31/2011,10,2011,Monday,400,1312,300,984,400,1312,14.54,0,73,NA,
20240,Store D,121,881,7809700,0,64543,8865,11/1/2011,11,2011,Tuesday,400,1312,300,984,400,1312,14.24,0,71,NA,
20240,Store D,154,932,11265600,0,73153,12088,11/2/2011,11,2011,Wednesday,400,1312,300,984,400,1312,14.31,0,69,NA,
20240,Store D,192,1457,17186300,0,89512,11796,11/3/2011,11,2011,Thursday,400,1312,300,984,400,1312,14.33,0,73,NA,
20240,Store D,178,1279,10860700,0,61015,8492,11/4/2011,11,2011,Friday,400,1312,300,984,400,1312,14.42,0,73,NA,
20240,Store D,159,1254,11874800,0,74684,9470,11/5/2011,11,2011,Saturday,400,1312,300,984,400,1312,14.4,0,77,Rainy,
20240,Store D,180,1681,15312750,0,85071,9109,11/6/2011,11,2011,Sunday,400,1312,300,984,400,1312,14.14,0,66,Rainy,
20240,Store D,157,1284,12643000,0,80529,9847,11/7/2011,11,2011,Monday,400,1312,300,984,400,1312,14.15,0,64,Cloudy,
20240,Store D,150,1205,10160500,0,67737,8432,11/8/2011,11,2011,Tuesday,400,1312,300,984,400,1312,14.25,0,64,NA,
20240,Store D,142,1063,13315200,0,93769,12526,11/9/2011,11,2011,Wednesday,400,1312,300,984,400,1312,14.32,0,64,Cloudy,
20240,Store D,155,1084,14670850,0,94651,13534,11/10/2011,11,2011,Thursday,400,1312,300,984,400,1312,14.37,0,62,Rainy,
20240,Store D,156,1402,13849700,0,88780,9879,11/11/2011,11,2011,Friday,400,1312,300,984,400,1312,14.52,0,57,Rainy,
20240,Store D,201,1568,16267900,0,80935,10375,11/12/2011,11,2011,Saturday,400,1312,300,984,400,1312,14.56,0,60,Sunny,
20240,Store D,218,1903,15648600,0,71783,8223,11/13/2011,11,2011,Sunday,400,1312,300,984,400,1312,14.61,0,60,NA,
20240,Store D,169,1416,13094000,0,77479,9247,11/14/2011,11,2011,Monday,400,1312,300,984,400,1312,14.6,0,50,Sunny,
20240,Store D,154,1187,10725900,0,69649,9036,11/15/2011,11,2011,Tuesday,400,1312,300,984,400,1312,14.59,0,51,Sunny,
20240,Store D,141,1227,12377000,0,87780,10087,11/16/2011,11,2011,Wednesday,400,1312,300,984,400,1312,14.62,0,59,NA,
20240,Store D,124,932,9368750,0,75554,10052,11/17/2011,11,2011,Thursday,400,1312,300,984,400,1312,14.71,0,62,NA,
20240,Store D,189,1489,16047200,0,84906,10777,11/18/2011,11,2011,Friday,400,1312,300,984,400,1312,14.73,0,62,Rainy,
20240,Store D,259,2052,20921750,0,80779,10196,11/19/2011,11,2011,Saturday,400,1312,300,984,400,1312,14.79,0,60,Cloudy,
20240,Store D,186,1733,17000850,0,91402,9810,11/20/2011,11,2011,Sunday,400,1312,300,984,400,1312,14.79,0,39,Sunny,
20240,Store D,164,1296,12309400,0,75057,9498,11/21/2011,11,2011,Monday,400,1312,300,984,400,1312,14.79,0,42,Sunny,
20240,Store D,165,1303,9554900,0,57908,7333,11/22/2011,11,2011,Tuesday,400,1312,300,984,400,1312,14.84,0,48,NA,
20240,Store D,174,1394,15438700,0,88728,11075,11/23/2011,11,2011,Wednesday,400,1312,300,984,400,1312,14.87,0,46,Rainy,
20240,Store D,167,1183,10844800,0,64939,9167,11/24/2011,11,2011,Thursday,400,1312,300,984,400,1312,14.94,0,35,Sunny,
20240,Store D,185,1342,12979450,0,70159,9672,11/25/2011,11,2011,Friday,400,1312,300,984,400,1312,15,0,42,Snowy,
20240,Store D,230,1730,17286200,0,75157,9992,11/26/2011,11,2011,Saturday,400,1312,300,984,400,1312,14.98,0,53,NA,
20240,Store D,227,2258,17581100,0,77450,7786,11/27/2011,11,2011,Sunday,400,1312,300,984,400,1312,14.88,0,60,Cloudy,
20240,Store D,197,1585,15802000,0,80213,9970,11/28/2011,11,2011,Monday,400,1312,300,984,400,1312,14.92,0,61,Rainy,
20240,Store D,186,1368,13205000,0,70995,9653,11/29/2011,11,2011,Tuesday,400,1312,300,984,400,1312,14.82,0,56,Rainy,
20240,Store D,150,1205,10353200,0,69021,8592,11/30/2011,11,2011,Wednesday,400,1312,300,984,400,1312,14.57,0,48,Rainy,
20240,Store D,143,1065,13225100,0,92483,12418,12/1/2011,12,2011,Thursday,400,1312,300,984,400,1312,14.65,0,50,Rainy,
20240,Store D,150,2176,10016200,0,66775,4603,12/2/2011,12,2011,Friday,400,1312,300,984,400,1312,14.56,0,46,Cloudy,
20240,Store D,237,1749,18060500,0,76205,10326,12/3/2011,12,2011,Saturday,400,1312,300,984,400,1312,14.49,0,48,Rainy,
20240,Store D,229,1547,16751050,0,73149,10828,12/4/2011,12,2011,Sunday,400,1312,300,984,400,1312,14.37,0,42,Sunny,
20240,Store D,187,1276,15463050,0,82690,12118,12/5/2011,12,2011,Monday,400,1312,300,984,400,1312,14.35,0,41,Sunny,
20240,Store D,149,2195,11803300,0,79217,5377,12/6/2011,12,2011,Tuesday,400,1312,300,984,400,1312,14.44,0,44,Cloudy,
20240,Store D,145,1132,10842300,0,74774,9578,12/7/2011,12,2011,Wednesday,400,1312,300,984,400,1312,14.52,0,44,Cloudy,
20240,Store D,148,1279,13386200,0,90447,10466,12/8/2011,12,2011,Thursday,400,1312,300,984,400,1312,14.5,0,41,Cloudy,
20240,Store D,154,1094,10150050,0,65909,9278,12/9/2011,12,2011,Friday,400,1312,300,984,400,1312,14.56,0,35,Snowy,
20240,Store D,205,2081,17871100,0,87176,8588,12/10/2011,12,2011,Saturday,400,1312,300,984,400,1312,14.68,0,35,Snowy,
20240,Store D,247,2217,19680700,0,79679,8877,12/11/2011,12,2011,Sunday,400,1312,300,984,400,1312,14.75,0,44,Rainy,
20240,Store D,195,1453,16345200,0,83822,11249,12/12/2011,12,2011,Monday,400,1312,300,984,400,1312,14.74,0,45,NA,
20240,Store D,175,1598,13965100,0,79801,8739,12/13/2011,12,2011,Tuesday,400,1312,300,984,400,1312,14.74,0,43,Sunny,
20240,Store D,135,906,12011400,0,88973,13258,12/14/2011,12,2011,Wednesday,400,1312,300,984,400,1312,14.72,0,47,Rainy,
20240,Store D,154,1498,15206950,0,98746,10152,12/15/2011,12,2011,Thursday,400,1312,300,984,400,1312,14.86,0,32,Sunny,
20240,Store D,127,736,9322800,0,73408,12667,12/16/2011,12,2011,Friday,400,1312,300,984,400,1312,14.84,0,25,Sunny,
20240,Store D,210,1679,16965550,0,80788,10105,12/17/2011,12,2011,Saturday,400,1312,300,984,400,1312,14.85,0,32,Cloudy,
20240,Store D,170,1355,14347800,0,84399,10589,12/18/2011,12,2011,Sunday,400,1312,300,984,400,1312,14.85,0,35,NA,
20240,Store D,137,1261,12635100,0,92227,10020,12/19/2011,12,2011,Monday,400,1312,300,984,400,1312,14.85,0,37,Cloudy,
20240,Store D,115,783,6391200,0,55576,8162,12/20/2011,12,2011,Tuesday,400,1312,300,984,400,1312,14.99,0,40,Rainy,
20240,Store D,112,763,7574800,0,67632,9928,12/21/2011,12,2011,Wednesday,400,1312,300,984,400,1312,14.95,0,43,Snowy,
20240,Store D,141,1196,10936500,0,77564,9144,12/22/2011,12,2011,Thursday,400,1312,300,984,400,1312,14.78,0,36,Sunny,
20240,Store D,176,1821,15921900,0,90465,8743,12/23/2011,12,2011,Friday,400,1312,300,984,400,1312,14.75,1,33,Snowy,
20240,Store D,163,1266,14035900,0,86110,11087,12/24/2011,12,2011,Saturday,400,1312,300,984,400,1312,14.72,1,27,Snowy,
20240,Store D,140,1321,11531100,0,82365,8729,12/25/2011,12,2011,Sunday,400,1312,300,984,400,1312,14.69,1,25,Sunny,
20240,Store D,121,832,6532750,0,53990,7852,12/26/2011,12,2011,Monday,400,1312,300,984,400,1312,14.69,0,25,Sunny,
20240,Store D,119,1163,11115900,0,93411,9558,12/27/2011,12,2011,Tuesday,400,1312,300,984,400,1312,14.7,0,32,Cloudy,
20240,Store D,143,1356,12654600,0,88494,9332,12/28/2011,12,2011,Wednesday,400,1312,300,984,400,1312,14.79,0,37,NA,
20240,Store D,161,1287,15503900,0,96298,12047,12/29/2011,12,2011,Thursday,400,1312,300,984,400,1312,14.85,0,33,NA,
20240,Store D,193,2002,16029500,0,83054,8007,12/30/2011,12,2011,Friday,400,1312,300,984,400,1312,14.85,0,33,NA,
20240,Store D,219,1800,23450400,0,107079,13028,12/31/2011,12,2011,Saturday,400,1312,300,984,400,1312,14.95,0,35,NA,
20240,Store D,183,1775,12533600,0,68490,7061,1/1/2012,1,2012,Monday,400,1312,300,984,400,1312,15.07,0,32,Snowy,
20240,Store D,166,1245,12258900,0,73849,9847,1/2/2012,1,2012,Tuesday,400,1312,300,984,400,1312,15.07,0,30,NA,
20240,Store D,164,1090,10564500,0,64418,9692,1/3/2012,1,2012,Wednesday,400,1312,300,984,400,1312,15.02,0,33,Snowy,
20240,Store D,137,1256,11519750,0,84086,9172,1/4/2012,1,2012,Thursday,400,1312,300,984,400,1312,14.95,0,26,NA,
20240,Store D,157,1433,14233800,0,90661,9933,1/5/2012,1,2012,Friday,400,1312,300,984,400,1312,14.95,0,30,Sunny,
20240,Store D,140,1158,12031150,0,85937,10390,1/6/2012,1,2012,Saturday,400,1312,300,984,400,1312,14.98,0,33,Snowy,
20240,Store D,180,1531,14947600,0,83042,9763,1/7/2012,1,2012,Sunday,400,1312,300,984,400,1312,15.01,1,33,NA,
20240,Store D,208,1975,16362000,0,78663,8285,1/8/2012,1,2012,Monday,400,1312,300,984,400,1312,15.06,1,33,NA,
20240,Store D,136,1178,8882000,0,65309,7540,1/9/2012,1,2012,Tuesday,400,1312,300,984,400,1312,15.07,1,35,NA,
20240,Store D,116,894,11419200,0,98441,12773,1/10/2012,1,2012,Wednesday,400,1312,300,984,400,1312,15.09,0,35,NA,
20240,Store D,109,810,9786000,0,89780,12081,1/11/2012,1,2012,Thursday,400,1312,300,984,400,1312,15.03,0,28,Sunny,
20240,Store D,127,870,11179000,0,88024,12849,1/12/2012,1,2012,Friday,400,1312,300,984,400,1312,15.05,0,32,Snowy,
20240,Store D,148,912,12037000,54900,81331,13198,1/13/2012,1,2012,Saturday,400,1312,300,984,400,1312,15.02,0,37,NA,
20240,Store D,188,1429,15062500,56600,80120,10541,1/14/2012,1,2012,Sunday,400,1312,300,984,400,1312,14.96,0,37,NA,
20240,Store D,165,1188,13002300,184200,78802,10945,1/15/2012,1,2012,Monday,400,1312,300,984,400,1312,14.94,0,32,Sunny,
20240,Store D,139,1140,11661010,0,83892,10229,1/16/2012,1,2012,Tuesday,400,1312,300,984,400,1312,14.94,0,44,NA,
20240,Store D,108,810,8303200,0,76881,10251,1/17/2012,1,2012,Wednesday,400,1312,300,984,400,1312,15,0,44,Sunny,
20240,Store D,96,644,7061200,0,73554,10965,1/18/2012,1,2012,Thursday,400,1312,300,984,400,1312,14.91,0,39,NA,
20240,Store D,115,993,8105000,0,70478,8162,1/19/2012,1,2012,Friday,400,1312,300,984,400,1312,14.84,0,44,Rainy,
20240,Store D,99,804,8818700,0,89078,10969,1/20/2012,1,2012,Saturday,400,1312,300,984,400,1312,14.76,0,46,Rainy,
20240,Store D,109,723,6164000,0,56550,8526,1/21/2012,1,2012,Saturday,400,1312,300,984,400,1312,14.68,0,42,NA,
20240,Store D,66,628,5035700,0,76298,8019,1/22/2012,1,2012,Sunday,400,1312,300,984,400,1312,14.7,0,24,NA,
20240,Store D,58,390,3330000,0,57414,8538,1/23/2012,1,2012,Monday,400,1312,300,984,400,1312,14.7,0,23,Sunny,
20240,Store D,83,297,3012650,0,36297,10144,1/24/2012,1,2012,Tuesday,400,1312,300,984,400,1312,14.7,0,28,Snowy,
20240,Store D,93,712,4615200,0,49626,6482,1/25/2012,1,2012,Wednesday,400,1312,300,984,400,1312,14.58,0,24,Sunny,
20240,Store D,99,736,6674600,0,67420,9069,1/26/2012,1,2012,Thursday,400,1312,300,984,400,1312,14.47,0,38,Snowy,
20240,Store D,141,951,7454200,0,52867,7838,1/27/2012,1,2012,Friday,400,1312,300,984,400,1312,14.43,0,41,NA,
20240,Store D,211,1715,17031700,0,80719,9931,1/28/2012,1,2012,Saturday,400,1312,300,984,400,1312,14.56,0,37,Sunny,
20240,Store D,179,1491,13856800,0,77412,9294,1/29/2012,1,2012,Sunday,400,1312,300,984,400,1312,14.57,0,37,Sunny,
20240,Store D,181,1356,14380400,0,79450,10605,1/30/2012,1,2012,Monday,400,1312,300,984,400,1312,14.58,0,29,Sunny,
20240,Store D,125,786,6696500,0,53572,8520,1/31/2012,1,2012,Tuesday,400,1312,300,984,400,1312,14.68,0,29,Snowy,
20240,Store D,118,1100,9587800,0,81253,8716,2/1/2012,2,2012,Wednesday,400,1312,300,984,400,1312,14.71,0,20,Sunny,3168
20240,Store D,115,827,9109900,0,79217,11016,2/2/2012,2,2012,Thursday,400,1312,300,984,400,1312,14.75,0,16,Sunny,2743
20240,Store D,152,1141,9631700,0,63366,8441,2/3/2012,2,2012,Friday,400,1312,300,984,400,1312,14.71,0,30,Snowy,2841
20240,Store D,190,1428,15141600,0,79693,10603,2/4/2012,2,2012,Saturday,400,1312,300,984,400,1312,14.63,0,35,NA,4267
20240,Store D,202,1543,17727550,0,87760,11489,2/5/2012,2,2012,Sunday,400,1312,300,984,400,1312,14.51,0,40,Sunny,4626
20240,Store D,190,1150,12587700,0,66251,10946,2/6/2012,2,2012,Monday,400,1312,300,984,400,1312,14.55,0,42,NA,4069
20240,Store D,126,1002,10349800,0,82141,10329,2/7/2012,2,2012,Tuesday,400,1312,300,984,400,1312,14.6,0,32,Sunny,
20240,Store D,111,647,6110450,0,55049,9444,2/8/2012,2,2012,Wednesday,400,1312,300,984,400,1312,14.57,0,25,Snowy,
20240,Store D,128,903,8105700,0,63326,8976,2/9/2012,2,2012,Thursday,400,1312,300,984,400,1312,14.48,0,34,Snowy,
20240,Store D,143,1251,11425000,0,79895,9133,2/10/2012,2,2012,Friday,400,1312,300,984,400,1312,14.44,0,36,Sunny,
20240,Store D,196,1532,14480000,0,73878,9452,2/11/2012,2,2012,Saturday,400,1312,300,984,400,1312,14.44,0,34,Sunny,
20240,Store D,196,1683,15005750,0,76560,8916,2/12/2012,2,2012,Sunday,400,1312,300,984,400,1312,14.46,0,40,Sunny,
20240,Store D,136,907,9668500,0,71092,10660,2/13/2012,2,2012,Monday,400,1312,300,984,400,1312,14.45,0,46,NA,
20240,Store D,164,1066,9289600,0,56644,8714,2/14/2012,2,2012,Tuesday,400,1312,300,984,400,1312,14.42,0,45,NA,3819
20240,Store D,141,1091,9938900,0,70489,9110,2/15/2012,2,2012,Wednesday,400,1312,300,984,400,1312,14.41,0,36,NA,4064
20240,Store D,163,1101,9091900,0,55779,8258,2/16/2012,2,2012,Thursday,400,1312,300,984,400,1312,14.31,0,36,Sunny,3569
20240,Store D,143,848,9091200,127000,63575,10721,2/17/2012,2,2012,Friday,400,1312,300,984,400,1312,14.35,0,28,Sunny,4248
20240,Store D,214,1496,15081300,63200,70473,10081,2/18/2012,2,2012,Saturday,400,1312,300,984,400,1312,14.2,0,27,Sunny,5102
20240,Store D,226,1785,20254900,57600,89623,11347,2/19/2012,2,2012,Sunday,400,1312,300,984,400,1312,14.14,0,34,Sunny,4951
20240,Store D,191,1756,12115100,0,63430,6899,2/20/2012,2,2012,Monday,400,1312,300,984,400,1312,14.13,0,41,Sunny,4836
20240,Store D,189,1250,11904600,0,62987,9524,2/21/2012,2,2012,Tuesday,400,1312,300,984,400,1312,14.09,0,42,NA,4671
20240,Store D,172,1477,8929850,0,51918,6046,2/22/2012,2,2012,Wednesday,400,1312,300,984,400,1312,14.09,0,54,NA,4664
20240,Store D,204,1884,12264500,0,60120,6510,2/23/2012,2,2012,Thursday,400,1312,300,984,400,1312,14.06,0,46,NA,3936
20240,Store D,185,1438,15501700,0,83793,10780,2/24/2012,2,2012,Friday,400,1312,300,984,400,1312,14.06,0,50,NA,3606
20240,Store D,177,1657,12901600,0,72890,7786,2/25/2012,2,2012,Saturday,400,1312,300,984,400,1312,13.98,0,41,Cloudy,4788
20240,Store D,223,1775,15727000,0,70525,8860,2/26/2012,2,2012,Sunday,400,1312,300,984,400,1312,13.83,0,37,Sunny,4457
20240,Store D,166,1076,11419600,0,68793,10613,2/27/2012,2,2012,Monday,400,1312,300,984,400,1312,13.83,0,41,Sunny,3879
20240,Store D,156,1040,10361300,0,66419,9963,2/28/2012,2,2012,Tuesday,400,1312,300,984,400,1312,13.93,0,44,Sunny,3430
20240,Store D,125,978,8445650,0,67565,8636,2/29/2012,2,2012,Wednesday,400,1312,300,984,400,1312,13.98,0,50,Sunny,3361
20240,Store D,123,826,5458400,10800,44377,6608,3/1/2012,3,2012,Thursday,400,1312,300,984,400,1312,13.89,0,57,Cloudy,3009
20240,Store D,140,895,11680700,24600,83434,13051,3/2/2012,3,2012,Friday,400,1312,300,984,400,1312,13.77,0,50,NA,4040
20240,Store D,150,1327,14576050,358250,97174,10984,3/3/2012,3,2012,Saturday,400,1312,300,984,400,1312,13.68,0,53,Sunny,4889
20240,Store D,189,1602,11676530,529070,61781,7289,3/4/2012,3,2012,Sunday,400,1312,300,984,400,1312,13.61,0,50,Rainy,4024
20240,Store D,129,950,7095800,41100,55006,7469,3/5/2012,3,2012,Monday,400,1312,300,984,400,1312,13.46,0,48,Rainy,4107
20240,Store D,148,843,8823900,21150,59621,10467,3/6/2012,3,2012,Tuesday,400,1312,300,984,400,1312,13.6,0,41,Rainy,4140
20240,Store D,149,978,8267100,49800,55484,8453,3/7/2012,3,2012,Wednesday,400,1312,300,984,400,1312,13.82,0,42,Sunny,4188
20240,Store D,163,1173,9362950,1500,57441,7982,3/8/2012,3,2012,Thursday,400,1312,300,984,400,1312,13.89,0,42,NA,3277
20240,Store D,196,2016,10965710,3136890,55948,5439,3/9/2012,3,2012,Friday,400,1312,300,984,400,1312,13.72,0,46,NA,3962
20240,Store D,254,2136,16621770,3980730,65440,7782,3/10/2012,3,2012,Saturday,400,1312,300,984,400,1312,13.62,0,46,Sunny,5026
20240,Store D,265,3173,20396790,6758610,76969,6428,3/11/2012,3,2012,Sunday,400,1312,300,984,400,1312,13.52,0,35,Snowy,5226
20240,Store D,150,1179,10013900,0,66759,8494,3/12/2012,3,2012,Monday,400,1312,300,984,400,1312,13.52,0,37,Sunny,5063
20240,Store D,162,1105,13078800,0,80733,11836,3/13/2012,3,2012,Tuesday,400,1312,300,984,400,1312,13.62,0,44,NA,4473
20240,Store D,137,994,8010150,0,58468,8059,3/14/2012,3,2012,Wednesday,400,1312,300,984,400,1312,13.6,0,42,NA,4195
20240,Store D,160,1147,9966200,0,62289,8689,3/15/2012,3,2012,Thursday,400,1312,300,984,400,1312,13.51,0,53,Sunny,3707
20240,Store D,148,1198,11548700,0,78032,9640,3/16/2012,3,2012,Friday,400,1312,300,984,400,1312,13.46,0,55,Rainy,3737
20240,Store D,145,1297,12179000,0,83993,9390,3/17/2012,3,2012,Saturday,400,1312,300,984,400,1312,13.46,0,60,Rainy,
20240,Store D,170,1173,11681400,0,68714,9959,3/18/2012,3,2012,Sunday,400,1312,300,984,400,1312,13.47,0,51,Sunny,
20240,Store D,153,1163,10787300,0,70505,9275,3/19/2012,3,2012,Monday,400,1312,300,984,400,1312,13.47,0,44,Sunny,
20240,Store D,157,1348,12325400,0,78506,9143,3/20/2012,3,2012,Tuesday,400,1312,300,984,400,1312,13.47,0,46,Sunny,
20240,Store D,192,1495,15610000,0,81302,10441,3/21/2012,3,2012,Wednesday,400,1312,300,984,400,1312,13.46,0,50,Sunny,
20240,Store D,166,740,7343600,0,44239,9924,3/22/2012,3,2012,Thursday,400,1312,300,984,400,1312,13.47,0,50,Cloudy,
20240,Store D,162,1321,12355200,0,76267,9353,3/23/2012,3,2012,Friday,400,1312,300,984,400,1312,13.62,0,44,Cloudy,
20240,Store D,177,1468,14847300,0,83883,10114,3/24/2012,3,2012,Saturday,400,1312,300,984,400,1312,13.72,0,46,Snowy,
20240,Store D,202,1130,12106200,0,59932,10713,3/25/2012,3,2012,Sunday,400,1312,300,984,400,1312,13.64,0,46,Sunny,
20240,Store D,186,1467,12654950,0,68037,8626,3/26/2012,3,2012,Monday,400,1312,300,984,400,1312,13.46,0,46,Sunny,
20240,Store D,164,1290,12386800,0,75529,9602,3/27/2012,3,2012,Tuesday,400,1312,300,984,400,1312,13.61,0,53,Cloudy,
20240,Store D,160,1201,9633400,0,60209,8021,3/28/2012,3,2012,Wednesday,400,1312,300,984,400,1312,13.67,0,60,Cloudy,
20240,Store D,203,1363,12573700,0,61939,9225,3/29/2012,3,2012,Thursday,400,1312,300,984,400,1312,13.69,0,60,Cloudy,
20240,Store D,186,1361,14539200,0,78168,10683,3/30/2012,3,2012,Friday,400,1312,300,984,400,1312,13.78,0,53,Cloudy,
20240,Store D,182,1440,18927900,0,103999,13144,3/31/2012,3,2012,Saturday,400,1312,300,984,400,1312,13.77,0,51,Sunny,
20240,Store D,180,1352,13091500,0,72731,9683,4/1/2012,4,2012,Sunday,400,1312,300,984,400,1312,13.64,0,48,Sunny,
20240,Store D,180,1218,15173900,0,84299,12458,4/2/2012,4,2012,Monday,400,1312,300,984,400,1312,13.63,0,60,Rainy,
20240,Store D,174,1536,12425600,0,71411,8090,4/3/2012,4,2012,Tuesday,400,1312,300,984,400,1312,13.64,0,48,Rainy,
20240,Store D,110,1141,9570100,0,87001,8387,4/4/2012,4,2012,Wednesday,400,1312,300,984,400,1312,13.67,0,53,Sunny,
20240,Store D,142,1387,9646300,0,67932,6955,4/5/2012,4,2012,Thursday,400,1312,300,984,400,1312,13.66,0,51,Sunny,
20240,Store D,107,853,7650100,0,71496,8968,4/6/2012,4,2012,Friday,400,1312,300,984,400,1312,13.72,0,50,Sunny,
20240,Store D,144,1154,10903800,0,75721,9449,4/7/2012,4,2012,Saturday,400,1312,300,984,400,1312,13.75,0,53,Sunny,
20240,Store D,163,1144,9852000,0,60442,8612,4/8/2012,4,2012,Sunday,400,1312,300,984,400,1312,13.79,0,62,Sunny,
20240,Store D,112,1015,8778800,0,78382,8649,4/9/2012,4,2012,Monday,400,1312,300,984,400,1312,13.86,0,69,Sunny,
20240,Store D,99,948,8131600,0,82137,8578,4/10/2012,4,2012,Tuesday,400,1312,300,984,400,1312,13.84,0,62,Rainy,
20240,Store D,113,1392,10844600,19800,95970,7791,4/11/2012,4,2012,Wednesday,400,1312,300,984,400,1312,13.95,0,64,Rainy,
20240,Store D,96,848,10172730,2970,105966,11996,4/12/2012,4,2012,Thursday,400,1312,300,984,400,1312,14.13,0,55,Cloudy,
20240,Store D,159,1600,15291950,2321550,96176,9557,4/13/2012,4,2012,Friday,400,1312,300,984,400,1312,14.08,0,59,Sunny,
20240,Store D,198,1836,15240210,2695590,76971,8301,4/14/2012,4,2012,Saturday,400,1312,300,984,400,1312,13.99,0,59,Cloudy,
20240,Store D,222,2637,17820970,3394380,80275,6758,4/15/2012,4,2012,Sunday,400,1312,300,984,400,1312,13.96,0,68,Cloudy,
20240,Store D,115,1405,9689100,0,84253,6896,4/16/2012,4,2012,Monday,400,1312,300,984,400,1312,13.79,0,62,Cloudy,
20240,Store D,140,1068,10123300,0,72309,9479,4/17/2012,4,2012,Tuesday,400,1312,300,984,400,1312,14.01,0,64,Sunny,
20240,Store D,127,1187,13167000,0,103677,11093,4/18/2012,4,2012,Wednesday,400,1312,300,984,400,1312,14.09,0,68,Sunny,
20240,Store D,122,1403,10325800,0,84638,7360,4/19/2012,4,2012,Thursday,400,1312,300,984,400,1312,13.99,0,75,Cloudy,
20240,Store D,146,965,9062400,0,62071,9391,4/20/2012,4,2012,Friday,400,1312,300,984,400,1312,13.97,0,73,Cloudy,
20240,Store D,101,1097,11346500,0,112342,10343,4/21/2012,4,2012,Saturday,400,1312,300,984,400,1312,13.94,0,64,Rainy,
20240,Store D,150,1595,15141100,0,100941,9493,4/22/2012,4,2012,Sunday,400,1312,300,984,400,1312,13.95,0,53,Rainy,
20240,Store D,138,1059,9595500,0,69533,9061,4/23/2012,4,2012,Monday,400,1312,300,984,400,1312,13.94,0,66,Cloudy,
20240,Store D,100,836,7577600,0,75776,9064,4/24/2012,4,2012,Tuesday,400,1312,300,984,400,1312,14.04,0,80,Cloudy,
20240,Store D,76,595,5949500,-19800,78283,9999,4/25/2012,4,2012,Wednesday,400,1312,300,984,400,1312,14.04,0,68,Rainy,
20240,Store D,89,803,7401700,0,83165,9218,4/26/2012,4,2012,Thursday,400,1312,300,984,400,1312,13.99,0,60,Cloudy,
20240,Store D,74,756,5255400,0,71019,6952,4/27/2012,4,2012,Friday,400,1312,300,984,400,1312,14,0,69,Sunny,
20240,Store D,154,1437,13178400,0,85574,9171,4/28/2012,4,2012,Saturday,400,1312,300,984,400,1312,14.02,1,69,Cloudy,
20240,Store D,183,1655,16556000,0,90470,10004,4/29/2012,4,2012,Sunday,400,1312,300,984,400,1312,14.08,1,77,Cloudy,
20240,Store D,126,1172,11591700,0,91998,9891,4/30/2012,4,2012,Monday,400,1312,300,984,400,1312,14.08,1,84,Sunny,
20240,Store D,135,1318,10111600,0,74901,7672,5/1/2012,5,2012,Tuesday,400,1312,300,984,400,1312,14.1,0,80,Sunny,2444
20240,Store D,123,1196,10164300,0,82637,8499,5/2/2012,5,2012,Wednesday,400,1312,300,984,400,1312,14.12,0,82,Sunny,3727
20240,Store D,182,1731,15440000,0,84835,8920,5/3/2012,5,2012,Thursday,400,1312,300,984,400,1312,14.07,1,77,Sunny,5936
20240,Store D,204,1537,19169200,0,93967,12472,5/4/2012,5,2012,Friday,400,1312,300,984,400,1312,14.07,1,77,Sunny,2535
20240,Store D,179,1219,13234300,0,73935,10857,5/5/2012,5,2012,Saturday,400,1312,300,984,400,1312,14.13,1,75,Sunny,1205
20240,Store D,118,930,9039700,0,76608,9720,5/6/2012,5,2012,Sunday,400,1312,300,984,400,1312,14.03,1,73,Sunny,2966
20240,Store D,103,888,6501900,0,63125,7322,5/7/2012,5,2012,Monday,400,1312,300,984,400,1312,13.9,0,75,Sunny,3907
20240,Store D,89,989,9190900,0,103269,9293,5/8/2012,5,2012,Tuesday,400,1312,300,984,400,1312,14.15,0,82,Sunny,2661
20240,Store D,106,624,8116300,6000,76569,13007,5/9/2012,5,2012,Wednesday,400,1312,300,984,400,1312,14.23,0,78,Sunny,2461
20240,Store D,80,966,6676200,12900,83453,6911,5/10/2012,5,2012,Thursday,400,1312,300,984,400,1312,14.31,0,78,Sunny,2341
20240,Store D,144,1297,10100190,1822710,70140,7787,5/11/2012,5,2012,Friday,400,1312,300,984,400,1312,14.31,0,68,Cloudy,2735
20240,Store D,235,3222,16155190,3817410,68745,5014,5/12/2012,5,2012,Saturday,400,1312,300,984,400,1312,14.34,0,69,Cloudy,3497
20240,Store D,162,2641,12998040,2619060,80235,4922,5/13/2012,5,2012,Sunday,400,1312,300,984,400,1312,14.35,0,75,Cloudy,3793
20240,Store D,102,956,9492800,13800,93067,9930,5/14/2012,5,2012,Monday,400,1312,300,984,400,1312,14.35,0,62,Rainy,3881
20240,Store D,135,1436,11011100,0,81564,7668,5/15/2012,5,2012,Tuesday,400,1312,300,984,400,1312,14.39,0,69,Cloudy,3152
20240,Store D,115,1013,8559500,11400,74430,8450,5/16/2012,5,2012,Wednesday,400,1312,300,984,400,1312,14.42,0,69,Sunny,2518
20240,Store D,126,1152,12401000,0,98421,10765,5/17/2012,5,2012,Thursday,400,1312,300,984,400,1312,14.48,0,68,Rainy,2844
20240,Store D,157,1339,13459700,37200,85731,10052,5/18/2012,5,2012,Friday,400,1312,300,984,400,1312,14.54,0,75,Sunny,3682
20240,Store D,166,1696,17866200,29400,107628,10534,5/19/2012,5,2012,Saturday,400,1312,300,984,400,1312,14.74,0,77,Sunny,3822
20240,Store D,166,1269,13653900,25500,82252,10760,5/20/2012,5,2012,Sunday,400,1312,300,984,400,1312,14.76,0,80,Sunny,3748
20240,Store D,180,1300,16403600,22500,91131,12618,5/21/2012,5,2012,Monday,400,1312,300,984,400,1312,14.76,0,84,Sunny,3108
20240,Store D,144,1085,12431200,6000,86328,11457,5/22/2012,5,2012,Tuesday,400,1312,300,984,400,1312,14.72,0,82,Sunny,3720
20240,Store D,113,757,9208500,26700,81491,12164,5/23/2012,5,2012,Wednesday,400,1312,300,984,400,1312,14.61,0,80,Sunny,3033
20240,Store D,123,976,12608600,8400,102509,12919,5/24/2012,5,2012,Thursday,400,1312,300,984,400,1312,14.74,0,73,Sunny,3104
20240,Store D,127,1367,14069600,41100,110784,10292,5/25/2012,5,2012,Friday,400,1312,300,984,400,1312,14.81,0,78,Sunny,3849
20240,Store D,175,1321,18246200,7200,104264,13812,5/26/2012,5,2012,Saturday,400,1312,300,984,400,1312,14.85,0,80,Sunny,4724
20240,Store D,169,1420,14793600,26400,87536,10418,5/27/2012,5,2012,Sunday,400,1312,300,984,400,1312,14.85,0,71,Rainy,4230
20240,Store D,148,1170,12013700,7200,81174,10268,5/28/2012,5,2012,Monday,400,1312,300,984,400,1312,14.73,0,78,Rainy,2411
20240,Store D,124,959,8558800,7800,69023,8925,5/29/2012,5,2012,Tuesday,400,1312,300,984,400,1312,14.67,0,77,Sunny,3339
20240,Store D,110,1167,8849800,0,80453,7583,5/30/2012,5,2012,Wednesday,400,1312,300,984,400,1312,14.8,0,77,Rainy,3266
20240,Store D,108,900,9699300,4200,89808,10777,5/31/2012,5,2012,Thursday,400,1312,300,984,400,1312,14.86,0,78,Cloudy,2751
20240,Store D,193,2944,16001020,5473080,82907,5435,6/1/2012,6,2012,Friday,400,1312,300,984,400,1312,14.98,0,78,Sunny,3125
20240,Store D,194,2076,15735430,4375470,81110,7580,6/2/2012,6,2012,Saturday,400,1312,300,984,400,1312,15.07,0,80,Sunny,3674
20240,Store D,209,1979,15001850,4260150,71779,7581,6/3/2012,6,2012,Sunday,400,1312,300,984,400,1312,15.14,0,80,Sunny,3220
20240,Store D,101,1013,10185300,33600,100845,10055,6/4/2012,6,2012,Monday,400,1312,300,984,400,1312,15.02,0,82,Cloudy,2923
20240,Store D,72,625,5590100,13200,77640,8944,6/5/2012,6,2012,Tuesday,400,1312,300,984,400,1312,15.11,0,78,cloudy,3165
20240,Store D,105,682,8508900,10800,81037,12476,6/6/2012,6,2012,Wednesday,400,1312,300,984,400,1312,15.02,0,82,cloudy,2669
20240,Store D,102,965,7834800,4200,76812,8119,6/7/2012,6,2012,Thursday,400,1312,300,984,400,1312,14.86,0,82,Sunny,3608
20240,Store D,142,1412,14291700,13200,100646,10122,6/8/2012,6,2012,Friday,400,1312,300,984,400,1312,14.7,0,80,Sunny,4283
20240,Store D,257,1839,18381100,36900,71522,9995,6/9/2012,6,2012,Saturday,400,1312,300,984,400,1312,14.75,0,84,cloudy,4461
20240,Store D,181,1299,14306700,27000,79043,11014,6/10/2012,6,2012,Sunday,400,1312,300,984,400,1312,14.56,0,80,Sunny,4572
20240,Store D,137,976,10728100,3600,78307,10992,6/11/2012,6,2012,Monday,400,1312,300,984,400,1312,14.39,0,82,cloudy,3188
20240,Store D,130,773,8013500,47700,61642,10367,6/12/2012,6,2012,Tuesday,400,1312,300,984,400,1312,14.53,0,86,cloudy,3134
20240,Store D,133,1060,10893700,34400,81908,10277,6/13/2012,6,2012,Wednesday,400,1312,300,984,400,1312,14.71,0,82,Sunny,3006
20240,Store D,139,1035,9007800,81300,64804,8703,6/14/2012,6,2012,Thursday,400,1312,300,984,400,1312,14.66,0,87,Sunny,3394
20240,Store D,169,1523,12315300,80200,72872,8086,6/15/2012,6,2012,Friday,400,1312,300,984,400,1312,14.68,0,82,Sunny,4615
20240,Store D,252,2319,22321600,105100,88578,9626,6/16/2012,6,2012,Saturday,400,1312,300,984,400,1312,14.73,0,84,cloudy,5129
20240,Store D,236,1896,20910800,84200,88605,11029,6/17/2012,6,2012,Sunday,400,1312,300,984,400,1312,14.58,0,84,Sunny,4139
20240,Store D,163,1498,11468000,47200,70356,7656,6/18/2012,6,2012,Monday,400,1312,300,984,400,1312,14.43,0,84,Sunny,2911
20240,Store D,131,738,10186700,32900,77761,13803,6/19/2012,6,2012,Tuesday,400,1312,300,984,400,1312,14.49,0,91,Sunny,3263
20240,Store D,139,1092,10652000,107300,76633,9755,6/20/2012,6,2012,Wednesday,400,1312,300,984,400,1312,14.62,0,87,rainy,3080
20240,Store D,120,817,7557100,32700,62976,9250,6/21/2012,6,2012,Thursday,400,1312,300,984,400,1312,14.55,0,87,Sunny,3778
20240,Store D,149,1320,13143350,49200,88210,9957,6/22/2012,6,2012,Friday,400,1312,300,984,400,1312,14.42,0,82,Sunny,4749
20240,Store D,230,1707,20563400,44500,89406,12047,6/23/2012,6,2012,Saturday,400,1312,300,984,400,1312,14.39,0,86,rainy,4329
20240,Store D,233,1806,20816600,104700,89342,11526,6/24/2012,6,2012,Sunday,400,1312,300,984,400,1312,14.17,0,91,Sunny,4265
20240,Store D,150,1303,12493050,27800,83287,9588,6/25/2012,6,2012,Monday,400,1312,300,984,400,1312,14.38,0,89,Sunny,2809
20240,Store D,146,1102,9033000,17800,61870,8197,6/26/2012,6,2012,Tuesday,400,1312,300,984,400,1312,14.51,0,87,Sunny,3714
20240,Store D,111,1088,8106600,47600,73032,7451,6/27/2012,6,2012,Wednesday,400,1312,300,984,400,1312,14.56,0,86,Sunny,3400
20240,Store D,147,1282,11537700,29500,78488,9000,6/28/2012,6,2012,Thursday,400,1312,300,984,400,1312,14.52,0,84,Sunny,3244
20240,Store D,145,1114,12346400,73400,85148,11083,6/29/2012,6,2012,Friday,400,1312,300,984,400,1312,14.53,0,87,rainy,3721
20240,Store D,146,810,12391100,40000,84871,15298,6/30/2012,6,2012,Saturday,400,1312,300,984,400,1312,14.54,0,75,rainy,4313
20240,Store D,193,1779,24849000,45500,128751,13968,7/1/2012,7,2012,Sunday,400,1312,300,984,400,1312,14.15,0,77,cloudy,4848
20240,Store D,130,1108,14368400,36600,110526,12968,7/2/2012,7,2012,Monday,400,1312,300,984,400,1312,13.95,0,84,cloudy,3055
20240,Store D,107,649,7690900,16700,71878,11850,7/3/2012,7,2012,Tuesday,400,1312,300,984,400,1312,14.21,0,78,rainy,3535
20240,Store D,89,769,9665450,26600,108601,12569,7/4/2012,7,2012,Wednesday,400,1312,300,984,400,1312,14.25,0,78,cloudy,3549
20240,Store D,115,1078,12002600,18100,104370,11134,7/5/2012,7,2012,Thursday,400,1312,300,984,400,1312,14.22,0,77,rainy,3665
20240,Store D,264,2737,16723030,5721570,63345,6110,7/6/2012,7,2012,Friday,400,1312,300,984,400,1312,14.2,0,73,rainy,4466
20240,Store D,276,3467,22258330,7099970,80646,6420,7/7/2012,7,2012,Saturday,400,1312,300,984,400,1312,14.25,0,86,Sunny,5122
20240,Store D,283,3457,26045960,6733840,92035,7534,7/8/2012,7,2012,Sunday,400,1312,300,984,400,1312,14.23,0,86,Sunny,5051
20240,Store D,157,1429,14148300,28300,90117,9901,7/9/2012,7,2012,Monday,400,1312,300,984,400,1312,14.11,0,87,cloudy,3463
20240,Store D,132,1052,11266800,46800,85355,10710,7/10/2012,7,2012,Tuesday,400,1312,300,984,400,1312,14.24,0,84,rainy,3337
20240,Store D,143,898,8068300,37400,56422,8985,7/11/2012,7,2012,Wednesday,400,1312,300,984,400,1312,14.36,0,78,rainy,3700
20240,Store D,140,1197,9855600,34700,70397,8234,7/12/2012,7,2012,Thursday,400,1312,300,984,400,1312,14.36,0,82,rainy,3084
20240,Store D,169,1392,15407900,33600,91171,11069,7/13/2012,7,2012,Friday,400,1312,300,984,400,1312,14.47,0,84,rainy,3159
20240,Store D,191,1938,20065700,23700,105056,10354,7/14/2012,7,2012,Saturday,400,1312,300,984,400,1312,14.5,1,78,rainy,4462
20240,Store D,245,3164,27089700,33900,110570,8562,7/15/2012,7,2012,Sunday,400,1312,300,984,400,1312,14.3,1,69,rainy,2858
20240,Store D,160,1711,15134800,109800,94593,8846,7/16/2012,7,2012,Monday,400,1312,300,984,400,1312,14.13,1,77,rainy,2008
20240,Store D,112,741,8177850,18700,73017,11036,7/17/2012,7,2012,Tuesday,400,1312,300,984,400,1312,14.38,0,86,rainy,1853
20240,Store D,91,620,7145300,11800,78520,11525,7/18/2012,7,2012,Wednesday,400,1312,300,984,400,1312,14.47,0,84,rainy,1731
20240,Store D,78,587,6565000,11800,84167,11184,7/19/2012,7,2012,Thursday,400,1312,300,984,400,1312,14.45,0,80,rainy,2041
20240,Store D,126,1326,12474300,74900,99002,9407,7/20/2012,7,2012,Friday,400,1312,300,984,400,1312,14.47,0,84,Sunny,2676
20240,Store D,178,1776,16678500,140300,93699,9391,7/21/2012,7,2012,Saturday,400,1312,300,984,400,1312,14.51,0,87,Sunny,3667
20240,Store D,188,2079,17714100,6000,94224,8520,7/22/2012,7,2012,Sunday,400,1312,300,984,400,1312,14.5,0,87,rainy,3563
20240,Store D,147,1278,14531800,47500,98856,11371,7/23/2012,7,2012,Monday,400,1312,300,984,400,1312,14.54,0,87,Cloudy,2454
20240,Store D,133,1012,11835900,31400,88992,11696,7/24/2012,7,2012,Tuesday,400,1312,300,984,400,1312,14.65,0,87,Cloudy,2571
20240,Store D,103,796,10186700,52900,98900,12797,7/25/2012,7,2012,Wednesday,400,1312,300,984,400,1312,14.66,0,87,Sunny,3201
20240,Store D,124,912,9279300,50400,74833,10175,7/26/2012,7,2012,Thursday,400,1312,300,984,400,1312,14.69,0,87,Cloudy,3016
20240,Store D,160,1069,11345500,27100,70909,10613,7/27/2012,7,2012,Friday,400,1312,300,984,400,1312,14.66,0,89,Sunny,2869
20240,Store D,159,1388,15065700,48900,94753,10854,7/28/2012,7,2012,Saturday,400,1312,300,984,400,1312,14.54,0,89,Sunny,3176
20240,Store D,147,958,12791400,35100,87016,13352,7/29/2012,7,2012,Sunday,400,1312,300,984,400,1312,14.5,0,91,Sunny,3500
20240,Store D,127,1086,11441800,29900,90093,10536,7/30/2012,7,2012,Monday,400,1312,300,984,400,1312,14.33,0,87,Rainy,2198
20240,Store D,116,943,9640200,50100,83105,10223,7/31/2012,7,2012,Tuesday,400,1312,300,984,400,1312,14.41,0,89,Sunny,2627
20240,Store D,123,801,9355300,32500,76059,11680,8/1/2012,8,2012,Wednesday,400,1312,300,984,400,1312,14.46,0,95,Cloudy,2957
20240,Store D,111,982,7699400,50100,69364,7841,8/2/2012,8,2012,Thursday,400,1312,300,984,400,1312,14.41,0,96,Sunny,2781
20240,Store D,137,1542,14082700,18800,102793,9133,8/3/2012,8,2012,Friday,400,1312,300,984,400,1312,14.42,0,96,Sunny,2028
20240,Store D,140,1053,11578400,41100,82703,10996,8/4/2012,8,2012,Saturday,400,1312,300,984,400,1312,14.46,0,96,Sunny,2168
20240,Store D,141,883,10480600,12200,74330,11869,8/5/2012,8,2012,Sunday,400,1312,300,984,400,1312,14.33,0,96,Sunny,2730
20240,Store D,128,1109,8484600,26700,66286,7651,8/6/2012,8,2012,Monday,400,1312,300,984,400,1312,14.03,0,95,Sunny,2515
20240,Store D,137,1093,11243600,32300,82070,10287,8/7/2012,8,2012,Tuesday,400,1312,300,984,400,1312,14.25,0,95,Rainy,3106
20240,Store D,149,1209,12328200,25100,82740,10197,8/8/2012,8,2012,Wednesday,400,1312,300,984,400,1312,14.36,0,93,Sunny,2987
20240,Store D,163,1106,13492400,26100,82775,12199,8/9/2012,8,2012,Thursday,400,1312,300,984,400,1312,14.37,0,95,Sunny,2966
20240,Store D,159,1248,11162100,43700,70202,8944,8/10/2012,8,2012,Friday,400,1312,300,984,400,1312,14.34,0,84,Rainy,2275
20240,Store D,162,1421,14236300,72400,87878,10019,8/11/2012,8,2012,Saturday,400,1312,300,984,400,1312,14.41,0,87,Cloudy,3664
20240,Store D,204,1615,21326800,28700,104543,13205,8/12/2012,8,2012,Sunday,400,1312,300,984,400,1312,14.43,0,82,Rainy,4893
20240,Store D,199,2218,22613800,12200,113637,10196,8/13/2012,8,2012,Monday,400,1312,300,984,400,1312,14.44,0,91,Rainy,3643
20240,Store D,184,1686,16548800,92800,89939,9815,8/14/2012,8,2012,Tuesday,400,1312,300,984,400,1312,14.41,0,87,Rainy,3521
20240,Store D,167,1303,16275600,0,97459,12491,8/15/2012,8,2012,Wednesday,400,1312,300,984,400,1312,14.38,0,80,Rainy,4631
20240,Store D,199,1659,16626200,19900,83549,10022,8/16/2012,8,2012,Thursday,400,1312,300,984,400,1312,14.36,0,84,Sunny,4406
20240,Store D,295,3703,22904770,6090630,77643,6185,8/17/2012,8,2012,Friday,400,1312,300,984,400,1312,14.3,0,89,Cloudy,3618
20240,Store D,284,3520,20484490,5906610,72128,5819,8/18/2012,8,2012,Saturday,400,1312,300,984,400,1312,14.28,0,84,Rainy,3769
20240,Store D,282,2927,21485140,6404260,76188,7340,8/19/2012,8,2012,Sunday,400,1312,300,984,400,1312,14.26,0,87,Rainy,4768
20240,Store D,168,1406,13809700,3600,82201,9822,8/20/2012,8,2012,Monday,400,1312,300,984,400,1312,14.26,0,80,Rainy,4178
20240,Store D,166,1587,16535800,0,99613,10420,8/21/2012,8,2012,Tuesday,400,1312,300,984,400,1312,14.27,0,84,Rainy,3626
20240,Store D,177,1391,14450000,6900,81638,10388,8/22/2012,8,2012,Wednesday,400,1312,300,984,400,1312,14.23,0,75,Rainy,3295
20240,Store D,139,955,11422300,19500,82175,11961,8/23/2012,8,2012,Thursday,400,1312,300,984,400,1312,14.24,0,78,Cloudy,3133
20240,Store D,199,1865,16812500,10500,84485,9015,8/24/2012,8,2012,Friday,400,1312,300,984,400,1312,14.39,0,80,Rainy,2765
20240,Store D,204,2095,19064900,51300,93455,9100,8/25/2012,8,2012,Saturday,400,1312,300,984,400,1312,14.42,0,84,Rainy,3594
20240,Store D,197,2008,19499200,0,98981,9711,8/26/2012,8,2012,Sunday,400,1312,300,984,400,1312,14.3,0,89,Cloudy,6488
20240,Store D,213,1596,18229450,22500,85584,11422,8/27/2012,8,2012,Monday,400,1312,300,984,400,1312,14.12,0,91,Cloudy,5387
20240,Store D,137,1151,12773500,0,93237,11098,8/28/2012,8,2012,Tuesday,400,1312,300,984,400,1312,14.3,0,84,Rainy,4533
20240,Store D,196,2016,19912450,0,101594,9877,8/29/2012,8,2012,Wednesday,400,1312,300,984,400,1312,14.44,0,84,Rainy,4436
20240,Store D,142,1169,15614900,0,109964,13357,8/30/2012,8,2012,Thursday,400,1312,300,984,400,1312,14.42,0,75,Rainy,3997
20240,Store D,185,1202,14687950,4500,79394,12220,8/31/2012,8,2012,Friday,400,1312,300,984,400,1312,14.41,0,82,Sunny,2718
20240,Store D,171,1408,15984700,40800,93478,11353,9/1/2012,9,2012,Saturday,400,1312,300,984,400,1312,14.44,0,82,Sunny,3543
20240,Store D,184,1866,21258300,28800,115534,11392,9/2/2012,9,2012,Sunday,400,1312,300,984,400,1312,14.4,0,84,Sunny,5250
20240,Store D,178,1531,16531700,6300,92875,10798,9/3/2012,9,2012,Monday,400,1312,300,984,400,1312,14.44,0,82,Sunny,4036
20240,Store D,121,1114,11210900,70500,92652,10064,9/4/2012,9,2012,Tuesday,400,1312,300,984,400,1312,14.45,0,73,Rainy,3686
20240,Store D,173,1110,11546000,0,66740,10402,9/5/2012,9,2012,Wednesday,400,1312,300,984,400,1312,14.44,0,77,Rainy,6226
20240,Store D,136,1052,12103600,20700,88997,11505,9/6/2012,9,2012,Thursday,400,1312,300,984,400,1312,14.47,0,78,Sunny,3448
20240,Store D,206,2457,13797500,4558400,66978,5616,9/7/2012,9,2012,Friday,400,1312,300,984,400,1312,14.42,0,80,Cloudy,4374
20240,Store D,229,2701,15628213,5817690,68245,5786,9/8/2012,9,2012,Saturday,400,1312,300,984,400,1312,14.35,0,73,Rainy,4886
20240,Store D,250,2395,19513700,5728500,78055,8148,9/9/2012,9,2012,Sunday,400,1312,300,984,400,1312,14.28,0,77,Cloudy,4923
20240,Store D,134,1313,10519600,0,78504,8012,9/14/2012,9,2012,Friday,400,1312,300,984,400,1312,14.51,0,69,Rainy,3175
20240,Store D,176,1443,16632500,-55400,94503,11526,9/15/2012,9,2012,Saturday,400,1312,300,984,400,1312,14.36,1,77,Cloudy,4434
20240,Store D,208,2269,19949000,0,95909,8792,9/16/2012,9,2012,Sunday,400,1312,300,984,400,1312,14.14,1,71,Rainy,3207
20240,Store D,96,1223,9035800,0,94123,7388,9/17/2012,9,2012,Monday,400,1312,300,984,400,1312,14.23,1,64,Rainy,3962
20240,Store D,119,1105,12393100,-8000,104144,11215,9/18/2012,9,2012,Tuesday,400,1312,300,984,400,1312,14.21,0,75,Cloudy,3649
20240,Store D,133,849,8619500,-2600,64808,10153,9/19/2012,9,2012,Wednesday,400,1312,300,984,400,1312,14.2,0,77,Sunny,2655
20240,Store D,138,1053,11314900,0,81992,10745,9/20/2012,9,2012,Thursday,400,1312,300,984,400,1312,14.17,0,75,Rainy,2829
20240,Store D,130,971,11279200,11700,86763,11616,9/21/2012,9,2012,Friday,400,1312,300,984,400,1312,14.3,0,75,Cloudy,2851
20240,Store D,161,1671,15110600,0,93855,9043,9/22/2012,9,2012,Saturday,400,1312,300,984,400,1312,14.3,1,78,Sunny,3169
20240,Store D,163,1678,12648700,36000,77599,7538,9/23/2012,9,2012,Sunday,400,1312,300,984,400,1312,14.19,1,78,Cloudy,3195
20240,Store D,148,1360,13062800,-24200,88262,9605,9/24/2012,9,2012,Monday,400,1312,300,984,400,1312,14.3,1,80,Sunny,4327
20240,Store D,138,1186,9682800,4500,70165,8164,9/25/2012,9,2012,Tuesday,400,1312,300,984,400,1312,14.35,0,80,Sunny,3676
20240,Store D,106,669,6724600,0,63440,10052,9/26/2012,9,2012,Wednesday,400,1312,300,984,400,1312,14.36,0,77,Sunny,2535
20240,Store D,108,554,7680300,3600,71114,13863,9/27/2012,9,2012,Thursday,400,1312,300,984,400,1312,14.39,0,73,Cloudy,1633
20240,Store D,62,336,4341100,0,70018,12920,9/28/2012,9,2012,Friday,400,1312,300,984,400,1312,14.37,0,71,Rainy,1732
20240,Store D,95,949,7091700,3600,74649,7473,9/29/2012,9,2012,Saturday,400,1312,300,984,400,1312,14.32,0,66,Rainy,1886
20240,Store D,97,583,4290500,10800,44232,7359,9/30/2012,9,2012,Sunday,400,1312,300,984,400,1312,14.19,0,68,Sunny,1656
20240,Store D,107,929,8328500,0,77836,8965,10/1/2012,10,2012,Monday,400,1312,300,984,400,1312,14.06,0,73,Sunny,1219
20240,Store D,116,823,5976300,0,51520,7262,10/2/2012,10,2012,Tuesday,400,1312,300,984,400,1312,14.19,0,75,Sunny,
20240,Store D,92,625,5560400,0,60439,8897,10/3/2012,10,2012,Wednesday,400,1312,300,984,400,1312,14.24,0,77,Sunny,
20240,Store D,79,554,5042300,7200,63827,9102,10/4/2012,10,2012,Thursday,400,1312,300,984,400,1312,14.2,0,75,Cloudy,
20240,Store D,176,1608,11375530,3565170,64634,7074,10/5/2012,10,2012,Friday,400,1312,300,984,400,1312,14.16,0,71,Sunny,
20240,Store D,209,2509,16656760,5275540,79697,6639,10/6/2012,10,2012,Saturday,400,1312,300,984,400,1312,14.12,1,75,Sunny,
20240,Store D,254,2823,23556890,6492210,92744,8345,10/7/2012,10,2012,Sunday,400,1312,300,984,400,1312,14.09,1,75,Sunny,
20240,Store D,100,1217,11770400,-11800,117704,9672,10/8/2012,10,2012,Monday,400,1312,300,984,400,1312,13.89,1,73,Sunny,2539
20240,Store D,90,827,7901200,13500,87791,9554,10/9/2012,10,2012,Tuesday,400,1312,300,984,400,1312,14.03,0,71,Cloudy,2897
20240,Store D,106,858,8525700,15900,80431,9937,10/10/2012,10,2012,Wednesday,400,1312,300,984,400,1312,14.18,0,69,Rainy,2482
20240,Store D,101,775,6786500,12600,67193,8757,10/11/2012,10,2012,Thursday,400,1312,300,984,400,1312,14.22,0,66,Sunny,2101
20240,Store D,109,736,10207500,0,93647,13869,10/12/2012,10,2012,Friday,400,1312,300,984,400,1312,14.22,0,69,Sunny,3964
20240,Store D,162,1252,13015400,36000,80342,10396,10/13/2012,10,2012,Saturday,400,1312,300,984,400,1312,14.16,0,73,Sunny,3274
20240,Store D,133,980,10231700,0,76930,10441,10/14/2012,10,2012,Sunday,400,1312,300,984,400,1312,14.04,0,69,Cloudy,3728
20240,Store D,134,1011,13245600,0,98848,13101,10/15/2012,10,2012,Monday,400,1312,300,984,400,1312,14.14,0,68,Sunny,2711
20240,Store D,119,923,10761700,3600,90434,11659,10/16/2012,10,2012,Tuesday,400,1312,300,984,400,1312,14.13,0,75,Cloudy,3038
20240,Store D,120,1112,9610800,0,80090,8643,10/17/2012,10,2012,Wednesday,400,1312,300,984,400,1312,14.03,0,62,Rainy,2596
20240,Store D,129,876,9519200,0,73792,10867,10/18/2012,10,2012,Thursday,400,1312,300,984,400,1312,14.01,0,60,Sunny,2431
20240,Store D,144,1517,15539900,0,107916,10244,10/19/2012,10,2012,Friday,400,1312,300,984,400,1312,13.94,0,66,Sunny,2961
20240,Store D,170,1268,12172900,4500,71605,9600,10/20/2012,10,2012,Saturday,400,1312,300,984,400,1312,13.92,0,68,Cloudy,3561
20240,Store D,154,1124,12050500,8700,78250,10721,10/21/2012,10,2012,Sunday,400,1312,300,984,400,1312,13.78,0,73,Cloudy,3561
20240,Store D,111,926,7715500,12000,69509,8332,10/22/2012,10,2012,Monday,400,1312,300,984,400,1312,13.82,0,64,Rainy,2842
20240,Store D,114,881,10444400,21600,91618,11855,10/23/2012,10,2012,Tuesday,400,1312,300,984,400,1312,13.85,0,57,Sunny,2957
20240,Store D,105,1037,7496000,18000,71390,7229,10/24/2012,10,2012,Wednesday,400,1312,300,984,400,1312,13.8,0,64,Sunny,2297
20240,Store D,114,903,8863200,30900,77747,9815,10/25/2012,10,2012,Thursday,400,1312,300,984,400,1312,13.81,0,68,Sunny,2635
20240,Store D,147,1244,12647600,13800,86038,10167,10/26/2012,10,2012,Friday,400,1312,300,984,400,1312,13.72,0,69,Cloudy,3027
20240,Store D,163,1719,14105500,3600,86537,8206,10/27/2012,10,2012,Saturday,400,1312,300,984,400,1312,13.7,0,62,Rainy,3043
20240,Store D,173,987,12926300,0,74718,13097,10/28/2012,10,2012,Sunday,400,1312,300,984,400,1312,13.62,0,64,Sunny,2798
20240,Store D,115,866,11694150,4200,101688,13504,10/29/2012,10,2012,Monday,400,1312,300,984,400,1312,13.41,0,59,Cloudy,2349
20240,Store D,110,786,9838800,0,89444,12518,10/30/2012,10,2012,Tuesday,400,1312,300,984,400,1312,13.61,0,51,Sunny,2137
20240,Store D,85,922,7734200,11400,90991,8389,10/31/2012,10,2012,Wednesday,400,1312,300,984,400,1312,13.71,0,51,Rainy,1628
20240,Store D,97,716,9941100,0,102486,13884,11/1/2012,11,2012,Thursday,400,1312,300,984,400,1312,13.66,0,50,Sunny,1857
20240,Store D,173,2837,15231490,5601210,88043,5369,11/2/2012,11,2012,Friday,400,1312,300,984,400,1312,13.62,0,51,Sunny,1870
20240,Store D,240,3305,21328440,7437560,88869,6453,11/3/2012,11,2012,Saturday,400,1312,300,984,400,1312,13.57,0,57,Sunny,2178
20240,Store D,174,4215,20408280,7943320,117289,4842,11/4/2012,11,2012,Sunday,400,1312,300,984,400,1312,13.46,0,59,Rainy,2112
20240,Store D,119,2163,15043580,5372020,126417,6955,11/5/2012,11,2012,Monday,400,1312,300,984,400,1312,13.38,0,51,Rainy,2302
20240,Store D,87,893,6367300,-9690,73187,7130,11/6/2012,11,2012,Tuesday,400,1312,300,984,400,1312,13.58,0,48,Rainy,2017
20240,Store D,74,551,5233600,-60470,70724,9498,11/7/2012,11,2012,Wednesday,400,1312,300,984,400,1312,13.58,0,53,Sunny,1926
20240,Store D,80,737,7804700,31800,97559,10590,11/8/2012,11,2012,Thursday,400,1312,300,984,400,1312,13.55,0,57,Cloudy,2052
20240,Store D,89,733,7987750,0,89750,10897,11/9/2012,11,2012,Friday,400,1312,300,984,400,1312,13.63,0,55,Cloudy,2639
20240,Store D,139,1027,11231900,9000,80805,10937,11/10/2012,11,2012,Saturday,400,1312,300,984,400,1312,13.69,0,59,Cloudy,2730
20240,Store D,125,1245,11867600,0,94941,9532,11/11/2012,11,2012,Sunday,400,1312,300,984,400,1312,13.53,0,55,Rainy,2435
20240,Store D,126,700,8769800,22500,69602,12528,11/12/2012,11,2012,Monday,400,1312,300,984,400,1312,13.31,0,48,Rainy,2317
20240,Store D,86,593,6776800,4500,78800,11428,11/13/2012,11,2012,Tuesday,400,1312,300,984,400,1312,13.54,0,48,Snowy,2356
20240,Store D,63,595,5634000,21600,89429,9469,11/14/2012,11,2012,Wednesday,400,1312,300,984,400,1312,13.71,0,42,Snowy,1760
20240,Store D,87,720,6008700,4500,69066,8345,11/15/2012,11,2012,Thursday,400,1312,300,984,400,1312,13.59,0,48,Sunny,2172
20240,Store D,122,996,12701400,9000,104110,12752,11/16/2012,11,2012,Friday,400,1312,300,984,400,1312,13.44,0,48,Rainy,4056
20240,Store D,160,1250,17665900,0,110412,14133,11/17/2012,11,2012,Saturday,400,1312,300,984,400,1312,13.43,0,46,Rainy,3262
20240,Store D,177,1329,16665500,0,94155,12540,11/18/2012,11,2012,Sunday,400,1312,300,984,400,1312,13.38,0,44,Sunny,2359
20240,Store D,119,898,10165900,0,85428,11321,11/19/2012,11,2012,Monday,400,1312,300,984,400,1312,13.42,0,46,Rainy,2617
20240,Store D,87,885,7948000,0,91356,8981,11/20/2012,11,2012,Tuesday,400,1312,300,984,400,1312,13.38,0,42,Sunny,2159
20240,Store D,100,751,9397600,10500,93976,12513,11/21/2012,11,2012,Wednesday,400,1312,300,984,400,1312,13.29,0,46,Cloudy,3059
20240,Store D,139,1128,12295300,0,88455,10900,11/22/2012,11,2012,Thursday,400,1312,300,984,400,1312,13.17,0,50,Rainy,3318
20240,Store D,186,1273,15683700,0,84321,12320,11/23/2012,11,2012,Friday,400,1312,300,984,400,1312,13.13,1,41,Sunny,3771
20240,Store D,222,1740,19439250,4500,87564,11172,11/24/2012,11,2012,Saturday,400,1312,300,984,400,1312,13.18,1,42,Sunny,1783
20240,Store D,127,1278,12898600,4500,101564,10093,11/25/2012,11,2012,Sunday,400,1312,300,984,400,1312,13,1,44,Rainy,2713
20240,Store D,104,815,8897800,0,85556,10918,11/26/2012,11,2012,Monday,400,1312,300,984,400,1312,12.83,0,41,Snowy,2489
20240,Store D,95,665,6009700,0,63260,9037,11/27/2012,11,2012,Tuesday,400,1312,300,984,400,1312,13.07,0,42,Sunny,2485
20240,Store D,113,1005,10920600,0,96642,10866,11/28/2012,11,2012,Wednesday,400,1312,300,984,400,1312,13.2,0,51,Rainy,2431
20240,Store D,67,641,5286000,0,78896,8246,11/29/2012,11,2012,Thursday,400,1312,300,984,400,1312,13.25,0,39,Sunny,2332
20240,Store D,112,1082,9352700,8100,83506,8644,11/30/2012,11,2012,Friday,400,1312,300,984,400,1312,13.19,0,42,Rainy,2129
20240,Store D,154,1570,14168700,4500,92005,9025,12/1/2012,12,2012,Saturday,400,1312,300,984,400,1312,13.12,0,35,Sunny,2587
20240,Store D,107,998,10319800,0,96447,10340,12/2/2012,12,2012,Sunday,400,1312,300,984,400,1312,12.98,0,42,Cloudy,2534
20240,Store D,109,794,7481800,4500,68640,9423,12/3/2012,12,2012,Monday,400,1312,300,984,400,1312,12.81,0,42,Snowy,2104
20240,Store D,84,601,4895500,0,58280,8146,12/4/2012,12,2012,Tuesday,400,1312,300,984,400,1312,13.02,0,32,Sunny,1684
20240,Store D,62,413,3718800,9000,59981,9004,12/5/2012,12,2012,Wednesday,400,1312,300,984,400,1312,13.2,0,32,Snowy,2534
20240,Store D,65,629,4509500,0,69377,7169,12/6/2012,12,2012,Thursday,400,1312,300,984,400,1312,13.16,0,26,Snowy,2546
20240,Store D,181,2053,17614300,5822200,97317,8580,12/7/2012,12,2012,Friday,400,1312,300,984,400,1312,13.13,0,28,Snowy,2440
20240,Store D,201,2628,19637620,6161580,97700,7472,12/8/2012,12,2012,Saturday,400,1312,300,984,400,1312,13.12,0,19,Sunny,2558
20240,Store D,168,2296,15670380,4833200,93276,6825,12/9/2012,12,2012,Sunday,400,1312,300,984,400,1312,13,0,17,Sunny,2478
20240,Store D,98,932,7776200,0,79349,8344,12/10/2012,12,2012,Monday,400,1312,300,984,400,1312,13.09,0,21,Sunny,1493
20240,Store D,76,693,6342900,0,83459,9153,12/11/2012,12,2012,Tuesday,400,1312,300,984,400,1312,13.1,0,26,Sunny,1450
20240,Store D,69,728,6239900,0,90433,8571,12/12/2012,12,2012,Wednesday,400,1312,300,984,400,1312,13.05,0,30,Sunny,18114
20240,Store D,97,1165,7348200,7200,75755,6307,12/13/2012,12,2012,Thursday,400,1312,300,984,400,1312,12.96,0,37,Sunny,1894
20240,Store D,89,1166,9636900,4200,108280,8265,12/14/2012,12,2012,Friday,400,1312,300,984,400,1312,12.85,0,37,Rainy,1937
20240,Store D,141,2050,13302900,-15000,94347,6489,12/15/2012,12,2012,Saturday,400,1312,300,984,400,1312,12.83,0,44,Cloudy,2401
20240,Store D,144,1555,12009400,0,83399,7723,12/16/2012,12,2012,Sunday,400,1312,300,984,400,1312,12.73,0,39,Cloudy,2533
20240,Store D,103,976,9031900,0,87688,9254,12/17/2012,12,2012,Monday,400,1312,300,984,400,1312,12.52,0,37,Sunny,12119
20240,Store D,71,780,5776600,-2750,81361,7406,12/18/2012,12,2012,Tuesday,400,1312,300,984,400,1312,12.65,0,24,Sunny,1593
20240,Store D,88,396,4675800,0,53134,11808,12/19/2012,12,2012,Wednesday,400,1312,300,984,400,1312,12.76,0,24,Sunny,1572
20240,Store D,79,598,5501900,0,69644,9201,12/20/2012,12,2012,Thursday,400,1312,300,984,400,1312,12.7,0,32,Sunny,1271
20240,Store D,83,668,5911800,0,71227,8850,12/21/2012,12,2012,Friday,400,1312,300,984,400,1312,12.74,0,32,Snowy,1611
20240,Store D,121,880,9755100,9000,80621,11085,12/22/2012,12,2012,Saturday,400,1312,300,984,400,1312,12.77,1,30,Cloudy,2257
20240,Store D,136,907,8148100,4500,59913,8984,12/23/2012,12,2012,Sunday,400,1312,300,984,400,1312,12.76,1,19,Sunny,1293
20240,Store D,104,1135,7440300,0,71541,6555,12/24/2012,12,2012,Monday,400,1312,300,984,400,1312,12.76,1,21,Snowy,995
20240,Store D,91,438,4305000,0,47308,9829,12/25/2012,12,2012,Tuesday,400,1312,300,984,400,1312,12.7,0,21,Snowy,1518
20240,Store D,113,881,9846150,0,87134,11176,12/26/2012,12,2012,Wednesday,400,1312,300,984,400,1312,12.65,0,17,Sunny,2930
20240,Store D,124,1004,8337500,18900,67238,8304,12/27/2012,12,2012,Thursday,400,1312,300,984,400,1312,12.61,0,28,Sunny,2007
20240,Store D,103,779,7163000,0,69544,9195,12/28/2012,12,2012,Friday,400,1312,300,984,400,1312,12.48,0,35,Snowy,1808
20240,Store D,125,1110,10622100,4500,84977,9569,12/29/2012,12,2012,Saturday,400,1312,300,984,400,1312,12.38,0,32,Snowy,2160
20240,Store D,148,1374,13203300,39000,89211,9609,12/30/2012,12,2012,Sunday,400,1312,300,984,400,1312,12.41,0,32,Snowy,3015
20240,Store D,127,813,11182000,0,88047,13754,12/31/2012,12,2012,Monday,400,1312,300,984,400,1312,12.42,0,19,Sunny,2103
20240,Store D,119,828,9313300,0,78263,11248,1/1/2013,1,2013,Tuesday,400,1312,300,984,400,1312,12.29,0,32,Snowy,2054
20240,Store D,105,1150,8478100,0,80744,7372,1/2/2013,1,2013,Wednesday,400,1312,300,984,400,1312,12.28,0,21,Sunny,3761
20240,Store D,108,977,7301500,0,67606,7473,1/3/2013,1,2013,Thursday,400,1312,300,984,400,1312,12.21,0,14,Sunny,3761
20240,Store D,103,979,8016400,12000,77829,8188,1/4/2013,1,2013,Friday,400,1312,300,984,400,1312,12.19,0,17,Sunny,2159
20240,Store D,89,792,6000500,0,67421,7576,1/5/2013,1,2013,Saturday,400,1312,300,984,400,1312,12.08,0,28,Snowy,1505
20240,Store D,58,391,3981200,0,68641,10182,1/6/2013,1,2013,Sunday,400,1312,300,984,400,1312,11.9,0,24,Cloudy,1552
20240,Store D,63,472,4610600,0,73184,9768,1/7/2013,1,2013,Monday,400,1312,300,984,400,1312,11.71,0,28,Cloudy,1097
20240,Store D,68,444,4361300,0,64137,9823,1/8/2013,1,2013,Tuesday,400,1312,300,984,400,1312,11.96,0,28,Sunny,1019
20240,Store D,58,223,3343000,0,57638,14991,1/9/2013,1,2013,Wednesday,400,1312,300,984,400,1312,12.15,0,17,Sunny,915
20240,Store D,63,389,3116300,4500,49465,8011,1/10/2013,1,2013,Thursday,400,1312,300,984,400,1312,12.12,0,23,Sunny,841
20240,Store D,63,409,3227700,8100,51233,7892,1/11/2013,1,2013,Friday,400,1312,300,984,400,1312,12.01,0,33,Cloudy,1103
20240,Store D,105,879,6778400,0,64556,7711,1/12/2013,1,2013,Saturday,400,1312,300,984,400,1312,11.85,1,39,Snowy,2301
20240,Store D,118,844,9366100,0,79374,11097,1/13/2013,1,2013,Sunday,400,1312,300,984,400,1312,11.7,1,32,Cloudy,1332
20240,Store D,91,1357,9345400,4200,102697,6887,1/14/2013,1,2013,Monday,400,1312,300,984,400,1312,11.48,1,35,Cloudy,1490
20240,Store D,80,464,5567500,9000,69594,11999,1/15/2013,1,2013,Tuesday,400,1312,300,984,400,1312,11.66,0,35,Sunny,1522
20240,Store D,28,130,1847700,5500,65989,14213,1/16/2013,1,2013,Wednesday,400,1312,300,984,400,1312,11.87,0,32,Snowy,1409
20240,Store D,109,791,5698500,1900100,52280,7204,1/17/2013,1,2013,Thursday,400,1312,300,984,400,1312,11.97,0,24,Sunny,1442
20240,Store D,103,634,4574810,1326290,44416,7216,1/18/2013,1,2013,Friday,400,1312,300,984,400,1312,11.88,0,32,Sunny,1717
20240,Store D,116,949,6062540,2203760,52263,6388,1/19/2013,1,2013,Saturday,400,1312,300,984,400,1312,11.75,0,39,Sunny,2009
20240,Store D,113,1132,5430250,2022150,48055,4797,1/20/2013,1,2013,Sunday,400,1312,300,984,400,1312,11.66,0,39,Cloudy,2413
20240,Store D,87,941,8123290,2656510,93371,8633,1/21/2013,1,2013,Monday,400,1312,300,984,400,1312,11.53,0,39,Rainy,1877
20240,Store D,61,304,3023900,0,49572,9947,1/22/2013,1,2013,Tuesday,400,1312,300,984,400,1312,11.74,0,41,Rainy,2085
20240,Store D,64,460,4616700,3600,72136,10036,1/23/2013,1,2013,Wednesday,400,1312,300,984,400,1312,11.93,0,37,Rainy,1798
20240,Store D,73,705,4269150,6900,58482,6056,1/24/2013,1,2013,Thursday,400,1312,300,984,400,1312,12.03,0,37,Snowy,1971
20240,Store D,98,652,6498300,4500,66309,9967,1/25/2013,1,2013,Friday,400,1312,300,984,400,1312,11.94,0,21,Sunny,2719
20240,Store D,114,1215,10025100,0,87939,8251,1/26/2013,1,2013,Saturday,400,1312,300,984,400,1312,11.82,0,21,Sunny,2638
20240,Store D,125,778,7505300,4500,60042,9647,1/27/2013,1,2013,Sunday,400,1312,300,984,400,1312,11.69,0,24,Sunny,2467
20240,Store D,100,665,3461800,4200,34618,5206,1/28/2013,1,2013,Monday,400,1312,300,984,400,1312,11.8,0,32,Cloudy,1859
20240,Store D,82,524,3823700,0,46630,7297,1/29/2013,1,2013,Tuesday,400,1312,300,984,400,1312,11.93,0,41,Snowy,1889
20240,Store D,72,533,5346800,4500,74261,10032,1/30/2013,1,2013,Wednesday,400,1312,300,984,400,1312,11.96,0,48,Cloudy,1921
20240,Store D,74,378,4265600,7200,57643,11285,1/31/2013,1,2013,Thursday,400,1312,300,984,400,1312,11.91,0,51,Sunny,1867
20240,Store D,72,676,6019100,4500,83599,8904,2/1/2013,2,2013,Friday,400,1312,300,984,400,1312,11.94,0,48,Rainy,1891
20240,Store D,104,1068,6868900,6300,66047,6432,2/2/2013,2,2013,Saturday,400,1312,300,984,400,1312,11.87,0,35,Sunny,2518
20240,Store D,103,705,5001000,-6400,48553,7094,2/3/2013,2,2013,Sunday,400,1312,300,984,400,1312,11.78,0,30,Snowy,3038
20240,Store D,112,853,5746700,9000,51310,6737,2/4/2013,2,2013,Monday,400,1312,300,984,400,1312,11.52,0,33,Snowy,3542
20240,Store D,71,875,5468500,0,77021,6250,2/5/2013,2,2013,Tuesday,400,1312,300,984,400,1312,11.71,0,35,Snowy,
20240,Store D,96,729,5302500,0,55234,7274,2/6/2013,2,2013,Wednesday,400,1312,300,984,400,1312,11.7,0,33,Snowy,
20240,Store D,64,690,3648500,0,57008,5288,2/7/2013,2,2013,Thursday,400,1312,300,984,400,1312,11.61,0,28,Sunny,
20240,Store D,52,391,3611600,28800,69454,9237,2/8/2013,2,2013,Friday,400,1312,300,984,400,1312,11.63,0,15,Sunny,
20240,Store D,86,487,4920000,4900,57209,10103,2/9/2013,2,2013,Saturday,400,1312,300,984,400,1312,11.75,1,28,Sunny,
20240,Store D,111,816,6098300,0,54940,7473,2/10/2013,2,2013,Sunday,400,1312,300,984,400,1312,11.74,1,28,Snowy,
20240,Store D,77,539,4561300,7200,59238,8463,2/11/2013,2,2013,Monday,400,1312,300,984,400,1312,11.63,1,26,cloudy,
20240,Store D,83,711,4981600,21300,60019,7006,2/12/2013,2,2013,Tuesday,400,1312,300,984,400,1312,11.73,0,28,cloudy,
20240,Store D,90,647,4450700,37600,49452,6879,2/13/2013,2,2013,Wednesday,400,1312,300,984,400,1312,11.62,0,35,cloudy,
20240,Store D,145,1052,5452530,1965670,37604,5183,2/14/2013,2,2013,Thursday,400,1312,300,984,400,1312,11.63,0,41,cloudy,
20240,Store D,168,1678,8330710,2325190,49588,4965,2/15/2013,2,2013,Friday,400,1312,300,984,400,1312,11.61,0,32,cloudy,
20240,Store D,201,2483,14710660,4174640,73187,5925,2/16/2013,2,2013,Saturday,400,1312,300,984,400,1312,11.6,0,33,Sunny,
20240,Store D,185,1210,9670190,3081310,52271,7992,2/17/2013,2,2013,Sunday,400,1312,300,984,400,1312,11.48,0,42,cloudy,
20240,Store D,180,2005,12328615,3505590,68492,6149,2/18/2013,2,2013,Monday,400,1312,300,984,400,1312,11.25,0,35,cloudy,
20240,Store D,82,508,4136400,0,50444,8143,2/19/2013,2,2013,Tuesday,400,1312,300,984,400,1312,11.46,0,32,Sunny,
20240,Store D,91,567,3684000,0,40484,6497,2/20/2013,2,2013,Wednesday,400,1312,300,984,400,1312,11.53,0,30,Sunny,
20240,Store D,97,850,6316900,4200,65123,7432,2/21/2013,2,2013,Thursday,400,1312,300,984,400,1312,11.52,0,35,Sunny,
20240,Store D,88,669,6680300,4900,75913,9986,2/22/2013,2,2013,Friday,400,1312,300,984,400,1312,11.62,0,39,Snowy,
20240,Store D,134,908,9139100,11400,68202,10065,2/23/2013,2,2013,Saturday,400,1312,300,984,400,1312,11.63,0,35,Sunny,
20240,Store D,147,998,9311400,-5000,63343,9330,2/24/2013,2,2013,Sunday,400,1312,300,984,400,1312,11.5,0,41,Sunny,
20240,Store D,142,966,7786400,9000,54834,8060,2/25/2013,2,2013,Monday,400,1312,300,984,400,1312,11.33,0,44,cloudy,
20240,Store D,103,538,5653500,15600,54888,10508,2/26/2013,2,2013,Tuesday,400,1312,300,984,400,1312,11.47,0,46,Rainy,
20240,Store D,111,630,5575100,-1500,50226,8849,2/27/2013,2,2013,Wednesday,400,1312,300,984,400,1312,11.82,0,44,Cloudy,
20240,Store D,116,709,7862000,7200,67776,11089,2/28/2013,2,2013,Thursday,400,1312,300,984,400,1312,11.81,0,55,Rainy,
20240,Store D,118,916,6616100,4200,56069,7223,3/1/2013,3,2013,Friday,400,1312,300,984,400,1312,11.72,0,44,Rainy,
20240,Store D,141,702,9148700,0,64884,13032,3/2/2013,3,2013,Saturday,400,1312,300,984,400,1312,11.66,0,35,Sunny,
20240,Store D,111,840,5461000,9000,49198,6501,3/3/2013,3,2013,Sunday,400,1312,300,984,400,1312,11.57,0,39,Sunny,
20240,Store D,73,312,3575300,0,48977,11459,3/4/2013,3,2013,Monday,400,1312,300,984,400,1312,11.33,0,46,Sunny,
20240,Store D,110,844,7093600,0,64487,8405,3/5/2013,3,2013,Tuesday,400,1312,300,984,400,1312,11.54,0,46,Sunny,
20240,Store D,97,801,6599100,9000,68032,8239,3/6/2013,3,2013,Wednesday,400,1312,300,984,400,1312,11.64,0,57,Sunny,
20240,Store D,93,480,4326400,0,46520,9013,3/7/2013,3,2013,Thursday,400,1312,300,984,400,1312,11.59,0,51,Rainy,
20240,Store D,126,690,5526100,4500,43858,8009,3/8/2013,3,2013,Friday,400,1312,300,984,400,1312,11.52,0,55,Cloudy,
20240,Store D,122,1052,8147500,6900,66783,7745,3/9/2013,3,2013,Saturday,400,1312,300,984,400,1312,11.4,0,71,Cloudy,
20240,Store D,136,804,8478600,0,62343,10546,3/10/2013,3,2013,Sunday,400,1312,300,984,400,1312,11.34,0,44,Sunny,
20240,Store D,129,1397,8443800,0,65456,6044,3/11/2013,3,2013,Monday,400,1312,300,984,400,1312,11.21,0,50,Sunny,
20240,Store D,126,1403,7507800,10500,59586,5351,3/12/2013,3,2013,Tuesday,400,1312,300,984,400,1312,11.37,0,53,Rainy,
20240,Store D,106,734,6107100,0,57614,8320,3/13/2013,3,2013,Wednesday,400,1312,300,984,400,1312,11.37,0,46,Rainy,
20240,Store D,170,1866,9311460,2700740,54773,4990,3/14/2013,3,2013,Thursday,400,1312,300,984,400,1312,11.43,0,46,Sunny,
20240,Store D,200,2627,15840170,4951430,79201,6030,3/15/2013,3,2013,Friday,400,1312,300,984,400,1312,11.49,0,48,Sunny,
20240,Store D,272,3200,17295320,5586380,63586,5405,3/16/2013,3,2013,Saturday,400,1312,300,984,400,1312,11.56,0,51,Sunny,
20054,Store E,16,193,401400,0,25088,2080,9/1/2011,9,2011,Thursday,69,226,600,1969,400,1312,13.93,0,87,NA,
20054,Store E,35,169,1094300,0,31266,6475,9/2/2011,9,2011,Friday,69,226,600,1969,400,1312,13.83,0,89,NA,
20054,Store E,37,182,1019100,0,27543,5599,9/3/2011,9,2011,Saturday,69,226,600,1969,400,1312,13.83,0,87,Cloudy,
20054,Store E,17,79,580000,0,34118,7342,9/4/2011,9,2011,Sunday,69,226,600,1969,400,1312,13.85,0,84,Cloudy,
20054,Store E,34,136,880000,0,25882,6471,9/5/2011,9,2011,Monday,69,226,600,1969,400,1312,13.85,0,82,Sunny,
20054,Store E,38,168,853700,0,22466,5082,9/6/2011,9,2011,Tuesday,69,226,600,1969,400,1312,13.9,0,82,Sunny,
20054,Store E,26,246,1165000,0,44808,4736,9/7/2011,9,2011,Wednesday,69,226,600,1969,400,1312,13.91,0,80,Cloudy,
20054,Store E,29,234,746700,0,25748,3191,9/8/2011,9,2011,Thursday,69,226,600,1969,400,1312,13.86,0,77,Cloudy,
20054,Store E,18,84,614700,0,34150,7318,9/9/2011,9,2011,Friday,69,226,600,1969,400,1312,13.87,0,69,Rainy,
20054,Store E,8,37,293200,0,36650,7924,9/10/2011,9,2011,Saturday,69,226,600,1969,400,1312,13.88,0,78,NA,
20054,Store E,25,162,769000,0,30760,4747,9/11/2011,9,2011,Sunday,69,226,600,1969,400,1312,13.87,0,73,Rainy,
20054,Store E,20,119,446400,0,22320,3751,9/12/2011,9,2011,Monday,69,226,600,1969,400,1312,13.87,0,80,Cloudy,
20054,Store E,23,165,793000,0,34478,4806,9/13/2011,9,2011,Tuesday,69,226,600,1969,400,1312,13.97,0,84,Cloudy,
20054,Store E,25,75,626500,0,25060,8353,9/14/2011,9,2011,Wednesday,69,226,600,1969,400,1312,13.96,0,84,NA,
20054,Store E,38,216,1116700,0,29387,5170,9/15/2011,9,2011,Thursday,69,226,600,1969,400,1312,14.23,0,86,NA,
20054,Store E,28,224,1082000,0,38643,4830,9/16/2011,9,2011,Friday,69,226,600,1969,400,1312,14.47,0,87,NA,
20054,Store E,22,216,1253200,0,56964,5802,9/17/2011,9,2011,Saturday,69,226,600,1969,400,1312,14.47,1,86,NA,
20054,Store E,21,127,788200,0,37533,6206,9/18/2011,9,2011,Sunday,69,226,600,1969,400,1312,14.45,1,78,Cloudy,
20054,Store E,34,243,1122300,0,33009,4619,9/19/2011,9,2011,Monday,69,226,600,1969,400,1312,14.44,1,66,Rainy,
20054,Store E,27,208,826000,0,30593,3971,9/20/2011,9,2011,Tuesday,69,226,600,1969,400,1312,14.73,0,73,Sunny,
20054,Store E,10,22,334000,0,33400,15182,9/21/2011,9,2011,Wednesday,69,226,600,1969,400,1312,14.92,0,75,Sunny,
20054,Store E,27,122,874100,0,32374,7165,9/22/2011,9,2011,Thursday,69,226,600,1969,400,1312,15.02,0,75,Sunny,
20054,Store E,26,251,1051500,0,40442,4189,9/23/2011,9,2011,Friday,69,226,600,1969,400,1312,15.34,1,77,NA,
20054,Store E,17,80,680400,0,40024,8505,9/24/2011,9,2011,Saturday,69,226,600,1969,400,1312,15.31,1,78,NA,
20054,Store E,28,238,1117000,0,39893,4693,9/25/2011,9,2011,Sunday,69,226,600,1969,400,1312,15.2,1,78,NA,
20054,Store E,29,183,1062200,0,36628,5804,9/26/2011,9,2011,Monday,69,226,600,1969,400,1312,15.2,0,80,NA,
20054,Store E,33,175,1053200,0,31915,6018,9/27/2011,9,2011,Tuesday,69,226,600,1969,400,1312,15.44,0,84,NA,
20054,Store E,19,104,684200,0,36011,6579,9/28/2011,9,2011,Wednesday,69,226,600,1969,400,1312,15.33,0,75,NA,
20054,Store E,14,78,616500,0,44036,7904,9/29/2011,9,2011,Thursday,69,226,600,1969,400,1312,15.24,0,66,Rainy,
20054,Store E,16,96,816000,0,51000,8500,9/30/2011,9,2011,Friday,69,226,600,1969,400,1312,15.34,0,66,Sunny,
20054,Store E,29,125,729500,0,25155,5836,10/1/2011,10,2011,Saturday,69,226,600,1969,400,1312,15.36,0,64,Sunny,
20054,Store E,16,124,620500,0,38781,5004,10/2/2011,10,2011,Sunday,69,226,600,1969,400,1312,15.37,0,64,Sunny,
20054,Store E,31,206,922000,0,29742,4476,10/3/2011,10,2011,Monday,69,226,600,1969,400,1312,15.4,0,68,Sunny,
20054,Store E,35,184,1266500,0,36186,6883,10/4/2011,10,2011,Tuesday,69,226,600,1969,400,1312,15.4,0,68,Sunny,
20054,Store E,20,116,739900,0,36995,6378,10/5/2011,10,2011,Wednesday,69,226,600,1969,400,1312,15.54,0,71,Sunny,
20054,Store E,26,103,1029000,0,39577,9990,10/6/2011,10,2011,Thursday,69,226,600,1969,400,1312,15.3,0,69,NA,
20054,Store E,17,69,790000,0,46471,11449,10/7/2011,10,2011,Friday,69,226,600,1969,400,1312,15.43,0,69,NA,
20054,Store E,38,243,1489900,0,39208,6131,10/8/2011,10,2011,Saturday,69,226,600,1969,400,1312,15.37,1,71,NA,
20054,Store E,17,142,512500,0,30147,3609,10/9/2011,10,2011,Sunday,69,226,600,1969,400,1312,15.37,1,71,NA,
20054,Store E,29,160,1243500,0,42879,7772,10/10/2011,10,2011,Monday,69,226,600,1969,400,1312,15.3,1,69,NA,
20054,Store E,27,193,1078000,0,39926,5585,10/11/2011,10,2011,Tuesday,69,226,600,1969,400,1312,15.18,0,69,NA,
20054,Store E,26,204,719000,0,27654,3525,10/12/2011,10,2011,Wednesday,69,226,600,1969,400,1312,15.26,0,64,NA,
20054,Store E,52,363,1988200,0,38235,5477,10/13/2011,10,2011,Thursday,69,226,600,1969,400,1312,15.18,0,73,NA,
20054,Store E,29,128,1236000,0,42621,9656,10/14/2011,10,2011,Friday,69,226,600,1969,400,1312,15.1,0,60,NA,
20054,Store E,35,301,1400000,0,40000,4651,10/15/2011,10,2011,Saturday,69,226,600,1969,400,1312,14.99,0,62,Rainy,
20054,Store E,27,224,1308000,0,48444,5839,10/16/2011,10,2011,Sunday,69,226,600,1969,400,1312,14.94,0,66,Rainy,
20054,Store E,36,279,1272500,0,35347,4561,10/17/2011,10,2011,Monday,69,226,600,1969,400,1312,14.94,0,57,Sunny,
20054,Store E,31,186,1267500,0,40887,6815,10/18/2011,10,2011,Tuesday,69,226,600,1969,400,1312,14.91,0,57,Sunny,
20054,Store E,36,309,1666700,0,46297,5394,10/19/2011,10,2011,Wednesday,69,226,600,1969,400,1312,14.93,0,68,Sunny,
20054,Store E,29,214,1328000,0,45793,6206,10/20/2011,10,2011,Thursday,69,226,600,1969,400,1312,14.81,0,69,Sunny,
20054,Store E,24,194,1759900,0,73329,9072,10/21/2011,10,2011,Friday,69,226,600,1969,400,1312,14.83,0,69,Cloudy,
20054,Store E,30,216,1439200,0,47973,6663,10/22/2011,10,2011,Saturday,69,226,600,1969,400,1312,14.93,0,71,Sunny,
20054,Store E,17,239,1537000,0,90412,6431,10/23/2011,10,2011,Sunday,69,226,600,1969,400,1312,15,0,71,NA,
20054,Store E,17,178,1123850,0,66109,6314,10/24/2011,10,2011,Monday,69,226,600,1969,400,1312,15.01,0,59,Rainy,
20054,Store E,25,146,949700,0,37988,6505,10/25/2011,10,2011,Tuesday,69,226,600,1969,400,1312,14.94,0,53,Sunny,
20054,Store E,29,299,1340500,0,46224,4483,10/26/2011,10,2011,Wednesday,69,226,600,1969,400,1312,14.85,0,59,Sunny,
20054,Store E,21,253,1725700,0,82176,6821,10/27/2011,10,2011,Thursday,69,226,600,1969,400,1312,14.87,0,66,NA,
20054,Store E,17,196,1145500,0,67382,5844,10/28/2011,10,2011,Friday,69,226,600,1969,400,1312,14.67,0,66,NA,
20054,Store E,23,226,1343700,0,58422,5946,10/29/2011,10,2011,Saturday,69,226,600,1969,400,1312,14.56,0,59,NA,
20054,Store E,24,248,1533500,0,63896,6183,10/30/2011,10,2011,Sunday,69,226,600,1969,400,1312,14.54,0,68,NA,
20054,Store E,17,247,1105900,0,65053,4477,10/31/2011,10,2011,Monday,69,226,600,1969,400,1312,14.54,0,73,NA,
20054,Store E,10,98,569500,0,56950,5811,11/1/2011,11,2011,Tuesday,69,226,600,1969,400,1312,14.24,0,71,NA,
20054,Store E,16,94,530000,0,33125,5638,11/2/2011,11,2011,Wednesday,69,226,600,1969,400,1312,14.31,0,69,NA,
20054,Store E,19,92,1182000,0,62211,12848,11/3/2011,11,2011,Thursday,69,226,600,1969,400,1312,14.33,0,73,NA,
20054,Store E,20,128,1306500,0,65325,10207,11/4/2011,11,2011,Friday,69,226,600,1969,400,1312,14.42,0,73,NA,
20054,Store E,21,104,590500,0,28119,5678,11/5/2011,11,2011,Saturday,69,226,600,1969,400,1312,14.4,0,77,Rainy,
20054,Store E,13,126,639500,0,49192,5075,11/6/2011,11,2011,Sunday,69,226,600,1969,400,1312,14.14,0,66,Rainy,
20054,Store E,18,149,1143000,0,63500,7671,11/7/2011,11,2011,Monday,69,226,600,1969,400,1312,14.15,0,64,Cloudy,
20054,Store E,34,345,2465900,0,72526,7148,11/8/2011,11,2011,Tuesday,69,226,600,1969,400,1312,14.25,0,64,NA,
20054,Store E,25,176,1394500,0,55780,7923,11/9/2011,11,2011,Wednesday,69,226,600,1969,400,1312,14.32,0,64,Cloudy,
20054,Store E,23,259,1933500,0,84065,7465,11/10/2011,11,2011,Thursday,69,226,600,1969,400,1312,14.37,0,62,Rainy,
20054,Store E,13,55,680200,0,52323,12367,11/11/2011,11,2011,Friday,69,226,600,1969,400,1312,14.52,0,57,Rainy,
20054,Store E,15,144,1094500,0,72967,7601,11/12/2011,11,2011,Saturday,69,226,600,1969,400,1312,14.56,0,60,Sunny,
20054,Store E,24,481,1752500,0,73021,3643,11/13/2011,11,2011,Sunday,69,226,600,1969,400,1312,14.61,0,60,NA,
20054,Store E,17,104,905500,0,53265,8707,11/14/2011,11,2011,Monday,69,226,600,1969,400,1312,14.6,0,50,Sunny,
20054,Store E,28,419,2042000,0,72929,4874,11/15/2011,11,2011,Tuesday,69,226,600,1969,400,1312,14.59,0,51,Sunny,
20054,Store E,15,113,1003000,0,66867,8876,11/16/2011,11,2011,Wednesday,69,226,600,1969,400,1312,14.62,0,59,NA,
20054,Store E,18,333,1160500,0,64472,3485,11/17/2011,11,2011,Thursday,69,226,600,1969,400,1312,14.71,0,62,NA,
20054,Store E,18,271,2046750,0,113708,7553,11/18/2011,11,2011,Friday,69,226,600,1969,400,1312,14.73,0,62,Rainy,
20054,Store E,17,124,1232000,0,72471,9935,11/19/2011,11,2011,Saturday,69,226,600,1969,400,1312,14.79,0,60,Cloudy,
20054,Store E,13,100,679500,0,52269,6795,11/20/2011,11,2011,Sunday,69,226,600,1969,400,1312,14.79,0,39,Sunny,
20054,Store E,18,165,1154000,0,64111,6994,11/21/2011,11,2011,Monday,69,226,600,1969,400,1312,14.79,0,42,Sunny,
20054,Store E,21,303,2995500,0,142643,9886,11/22/2011,11,2011,Tuesday,69,226,600,1969,400,1312,14.84,0,48,NA,
20054,Store E,9,130,702000,0,78000,5400,11/23/2011,11,2011,Wednesday,69,226,600,1969,400,1312,14.87,0,46,Rainy,
20054,Store E,18,186,1007700,0,55983,5418,11/24/2011,11,2011,Thursday,69,226,600,1969,400,1312,14.94,0,35,Sunny,
20054,Store E,23,172,1556500,0,67674,9049,11/25/2011,11,2011,Friday,69,226,600,1969,400,1312,15,0,42,Snowy,
20054,Store E,30,330,1087200,0,36240,3295,11/26/2011,11,2011,Saturday,69,226,600,1969,400,1312,14.98,0,53,NA,
20054,Store E,21,171,671900,0,31995,3929,11/27/2011,11,2011,Sunday,69,226,600,1969,400,1312,14.88,0,60,Cloudy,
20054,Store E,25,150,1054500,0,42180,7030,11/28/2011,11,2011,Monday,69,226,600,1969,400,1312,14.92,0,61,Rainy,
20054,Store E,22,182,1405250,0,63875,7721,11/29/2011,11,2011,Tuesday,69,226,600,1969,400,1312,14.82,0,56,Rainy,
20054,Store E,30,271,1254000,0,41800,4627,11/30/2011,11,2011,Wednesday,69,226,600,1969,400,1312,14.57,0,48,Rainy,
20054,Store E,14,147,902000,0,64429,6136,12/1/2011,12,2011,Thursday,69,226,600,1969,400,1312,14.65,0,50,Rainy,
20054,Store E,15,132,636500,0,42433,4822,12/2/2011,12,2011,Friday,69,226,600,1969,400,1312,14.56,0,46,Cloudy,
20054,Store E,12,101,449010,0,37418,4446,12/3/2011,12,2011,Saturday,69,226,600,1969,400,1312,14.49,0,48,Rainy,
20054,Store E,19,96,736500,0,38763,7672,12/4/2011,12,2011,Sunday,69,226,600,1969,400,1312,14.37,0,42,Sunny,
20054,Store E,20,84,700600,0,35030,8340,12/5/2011,12,2011,Monday,69,226,600,1969,400,1312,14.35,0,41,Sunny,
20054,Store E,16,83,899500,0,56219,10837,12/6/2011,12,2011,Tuesday,69,226,600,1969,400,1312,14.44,0,44,Cloudy,
20054,Store E,13,162,324000,0,24923,2000,12/7/2011,12,2011,Wednesday,69,226,600,1969,400,1312,14.52,0,44,Cloudy,
20054,Store E,15,79,666500,0,44433,8437,12/8/2011,12,2011,Thursday,69,226,600,1969,400,1312,14.5,0,41,Cloudy,
20054,Store E,18,174,916900,0,50939,5270,12/9/2011,12,2011,Friday,69,226,600,1969,400,1312,14.56,0,35,Snowy,
20054,Store E,14,209,580400,0,41457,2777,12/10/2011,12,2011,Saturday,69,226,600,1969,400,1312,14.68,0,35,Snowy,
20054,Store E,23,422,2053000,0,89261,4865,12/11/2011,12,2011,Sunday,69,226,600,1969,400,1312,14.75,0,44,Rainy,
20054,Store E,26,141,846800,0,32569,6006,12/12/2011,12,2011,Monday,69,226,600,1969,400,1312,14.74,0,45,NA,
20054,Store E,19,88,679600,0,35768,7723,12/13/2011,12,2011,Tuesday,69,226,600,1969,400,1312,14.74,0,43,Sunny,
20054,Store E,17,88,520800,0,30635,5918,12/14/2011,12,2011,Wednesday,69,226,600,1969,400,1312,14.72,0,47,Rainy,
20054,Store E,33,347,1124700,0,34082,3241,12/15/2011,12,2011,Thursday,69,226,600,1969,400,1312,14.86,0,32,Sunny,
20054,Store E,27,229,1579800,0,58511,6899,12/16/2011,12,2011,Friday,69,226,600,1969,400,1312,14.84,0,25,Sunny,
20054,Store E,13,166,569200,0,43785,3429,12/17/2011,12,2011,Saturday,69,226,600,1969,400,1312,14.85,0,32,Cloudy,
20054,Store E,19,126,990200,0,52116,7859,12/18/2011,12,2011,Sunday,69,226,600,1969,400,1312,14.85,0,35,NA,
20054,Store E,32,387,1168600,0,36519,3020,12/19/2011,12,2011,Monday,69,226,600,1969,400,1312,14.85,0,37,Cloudy,
20054,Store E,15,154,510800,0,34053,3317,12/20/2011,12,2011,Tuesday,69,226,600,1969,400,1312,14.99,0,40,Rainy,
20054,Store E,14,160,811200,0,57943,5070,12/21/2011,12,2011,Wednesday,69,226,600,1969,400,1312,14.95,0,43,Snowy,
20054,Store E,15,95,670500,0,44700,7058,12/22/2011,12,2011,Thursday,69,226,600,1969,400,1312,14.78,0,36,Sunny,
20054,Store E,15,162,1017800,0,67853,6283,12/23/2011,12,2011,Friday,69,226,600,1969,400,1312,14.75,1,33,Snowy,
20054,Store E,23,150,2092700,0,90987,13951,12/24/2011,12,2011,Saturday,69,226,600,1969,400,1312,14.72,1,27,Snowy,
20054,Store E,12,84,375800,0,31317,4474,12/25/2011,12,2011,Sunday,69,226,600,1969,400,1312,14.69,1,25,Sunny,
20054,Store E,11,90,298900,0,27173,3321,12/26/2011,12,2011,Monday,69,226,600,1969,400,1312,14.69,0,25,Sunny,
20054,Store E,9,93,400200,0,44467,4303,12/27/2011,12,2011,Tuesday,69,226,600,1969,400,1312,14.7,0,32,Cloudy,
20054,Store E,19,221,885500,0,46605,4007,12/28/2011,12,2011,Wednesday,69,226,600,1969,400,1312,14.79,0,37,NA,
20054,Store E,23,193,1240100,0,53917,6425,12/29/2011,12,2011,Thursday,69,226,600,1969,400,1312,14.85,0,33,NA,
20054,Store E,24,226,902000,0,37583,3991,12/30/2011,12,2011,Friday,69,226,600,1969,400,1312,14.85,0,33,NA,
20054,Store E,20,261,1602400,0,80120,6139,12/31/2011,12,2011,Saturday,69,226,600,1969,400,1312,14.95,0,35,NA,
20054,Store E,22,264,1231200,0,55964,4664,1/1/2012,1,2012,Sunday,69,226,600,1969,400,1312,15.07,0,32,Snowy,
20054,Store E,14,66,476000,0,34000,7212,1/2/2012,1,2012,Monday,69,226,600,1969,400,1312,15.07,0,30,NA,
20054,Store E,13,106,484900,0,37300,4575,1/3/2012,1,2012,Tuesday,69,226,600,1969,400,1312,15.02,0,33,Snowy,
20054,Store E,29,232,1547700,0,53369,6671,1/4/2012,1,2012,Wednesday,69,226,600,1969,400,1312,14.95,0,26,NA,
20054,Store E,28,259,1190400,0,42514,4596,1/5/2012,1,2012,Thursday,69,226,600,1969,400,1312,14.95,0,30,Sunny,
20054,Store E,32,178,1773200,0,55413,9962,1/6/2012,1,2012,Friday,69,226,600,1969,400,1312,14.98,0,33,Snowy,
20054,Store E,14,49,553600,0,39543,11298,1/7/2012,1,2012,Saturday,69,226,600,1969,400,1312,15.01,1,33,NA,
20054,Store E,19,230,694300,0,36542,3019,1/8/2012,1,2012,Sunday,69,226,600,1969,400,1312,15.06,1,33,NA,
20054,Store E,20,124,1036000,0,51800,8355,1/9/2012,1,2012,Monday,69,226,600,1969,400,1312,15.07,1,35,NA,
20054,Store E,16,127,971800,0,60738,7652,1/10/2012,1,2012,Tuesday,69,226,600,1969,400,1312,15.09,0,35,NA,
20054,Store E,17,123,959300,0,56429,7799,1/11/2012,1,2012,Wednesday,69,226,600,1969,400,1312,15.03,0,28,Sunny,
20054,Store E,17,133,992700,0,58394,7464,1/12/2012,1,2012,Thursday,69,226,600,1969,400,1312,15.05,0,32,Snowy,
20054,Store E,15,72,753000,0,50200,10458,1/13/2012,1,2012,Friday,69,226,600,1969,400,1312,15.02,0,37,NA,
20054,Store E,17,225,682400,0,40141,3033,1/14/2012,1,2012,Saturday,69,226,600,1969,400,1312,14.96,0,37,NA,
20054,Store E,17,116,2134700,0,125571,18403,1/15/2012,1,2012,Sunday,69,226,600,1969,400,1312,14.94,0,32,Sunny,
20054,Store E,21,233,1380800,0,65752,5926,1/16/2012,1,2012,Monday,69,226,600,1969,400,1312,14.94,0,44,NA,
20054,Store E,19,80,710200,0,37379,8878,1/17/2012,1,2012,Tuesday,69,226,600,1969,400,1312,15,0,44,Sunny,
20054,Store E,15,347,1231500,0,82100,3549,1/18/2012,1,2012,Wednesday,69,226,600,1969,400,1312,14.91,0,39,NA,
20054,Store E,20,142,1101200,0,55060,7755,1/19/2012,1,2012,Thursday,69,226,600,1969,400,1312,14.84,0,44,Rainy,
20054,Store E,12,68,374800,0,31233,5512,1/20/2012,1,2012,Friday,69,226,600,1969,400,1312,14.76,0,46,Rainy,
20054,Store E,16,191,644900,0,40306,3376,1/21/2012,1,2012,Saturday,69,226,600,1969,400,1312,14.68,0,42,NA,
20054,Store E,12,51,608700,0,50725,11935,1/22/2012,1,2012,Sunday,69,226,600,1969,400,1312,14.7,0,24,NA,
20054,Store E,11,150,447400,0,40673,2983,1/23/2012,1,2012,Monday,69,226,600,1969,400,1312,14.7,0,23,Sunny,
20054,Store E,12,201,266900,0,22242,1328,1/24/2012,1,2012,Tuesday,69,226,600,1969,400,1312,14.7,0,28,Snowy,
20054,Store E,7,21,148500,0,21214,7071,1/25/2012,1,2012,Wednesday,69,226,600,1969,400,1312,14.58,0,24,Sunny,
20054,Store E,30,265,1236650,0,41222,4667,1/26/2012,1,2012,Thursday,69,226,600,1969,400,1312,14.47,0,38,Snowy,
20054,Store E,21,314,1344250,0,64012,4281,1/27/2012,1,2012,Friday,69,226,600,1969,400,1312,14.43,0,41,NA,
20054,Store E,37,450,1477700,0,39938,3284,1/28/2012,1,2012,Saturday,69,226,600,1969,400,1312,14.56,0,37,Sunny,
20054,Store E,30,540,1537700,0,51257,2848,1/29/2012,1,2012,Sunday,69,226,600,1969,400,1312,14.57,0,37,Sunny,
20054,Store E,32,263,2277300,0,71166,8659,1/30/2012,1,2012,Monday,69,226,600,1969,400,1312,14.58,0,29,Sunny,
20054,Store E,20,209,719700,0,35985,3444,1/31/2012,1,2012,Tuesday,69,226,600,1969,400,1312,14.68,0,29,Snowy,
20054,Store E,15,239,1006100,0,67073,4210,2/1/2012,2,2012,Wednesday,69,226,600,1969,400,1312,14.71,0,20,Sunny,3168
20054,Store E,18,228,706200,0,39233,3097,2/2/2012,2,2012,Thursday,69,226,600,1969,400,1312,14.75,0,16,Sunny,2743
20054,Store E,29,391,1097800,0,37855,2808,2/3/2012,2,2012,Friday,69,226,600,1969,400,1312,14.71,0,30,Snowy,2841
20054,Store E,19,177,1617300,0,85121,9137,2/4/2012,2,2012,Saturday,69,226,600,1969,400,1312,14.63,0,35,NA,4267
20054,Store E,22,195,955500,0,43432,4900,2/5/2012,2,2012,Sunday,69,226,600,1969,400,1312,14.51,0,40,Sunny,4626
20054,Store E,22,251,1108800,0,50400,4418,2/6/2012,2,2012,Monday,69,226,600,1969,400,1312,14.55,0,42,NA,4069
20054,Store E,38,470,1582000,0,41632,3366,2/7/2012,2,2012,Tuesday,69,226,600,1969,400,1312,14.6,0,32,Sunny,
20054,Store E,22,193,898550,0,40843,4656,2/8/2012,2,2012,Wednesday,69,226,600,1969,400,1312,14.57,0,25,Snowy,
20054,Store E,30,461,1752400,0,58413,3801,2/9/2012,2,2012,Thursday,69,226,600,1969,400,1312,14.48,0,34,Snowy,
20054,Store E,13,128,1173350,0,90258,9167,2/10/2012,2,2012,Friday,69,226,600,1969,400,1312,14.44,0,36,Sunny,
20054,Store E,38,286,1852800,0,48758,6478,2/11/2012,2,2012,Saturday,69,226,600,1969,400,1312,14.44,0,34,Sunny,
20054,Store E,35,360,2537310,0,72495,7048,2/12/2012,2,2012,Sunday,69,226,600,1969,400,1312,14.46,0,40,Sunny,
20054,Store E,24,220,1039300,0,43304,4724,2/13/2012,2,2012,Monday,69,226,600,1969,400,1312,14.45,0,46,NA,
20054,Store E,18,235,1097800,0,60989,4671,2/14/2012,2,2012,Tuesday,69,226,600,1969,400,1312,14.42,0,45,NA,3819
20054,Store E,27,125,908900,0,33663,7271,2/15/2012,2,2012,Wednesday,69,226,600,1969,400,1312,14.41,0,36,NA,4064
20054,Store E,34,241,1509250,0,44390,6262,2/16/2012,2,2012,Thursday,69,226,600,1969,400,1312,14.31,0,36,Sunny,3569
20054,Store E,16,242,571200,0,35700,2360,2/17/2012,2,2012,Friday,69,226,600,1969,400,1312,14.35,0,28,Sunny,4248
20054,Store E,35,264,2777101,0,79346,10519,2/18/2012,2,2012,Saturday,69,226,600,1969,400,1312,14.2,0,27,Sunny,5102
20054,Store E,20,246,1435800,0,71790,5837,2/19/2012,2,2012,Sunday,69,226,600,1969,400,1312,14.14,0,34,Sunny,4951
20054,Store E,41,597,1875900,0,45754,3142,2/20/2012,2,2012,Monday,69,226,600,1969,400,1312,14.13,0,41,Sunny,4836
20054,Store E,24,561,1328400,0,55350,2368,2/21/2012,2,2012,Tuesday,69,226,600,1969,400,1312,14.09,0,42,NA,4671
20054,Store E,33,389,1446000,0,43818,3717,2/22/2012,2,2012,Wednesday,69,226,600,1969,400,1312,14.09,0,54,NA,4664
20054,Store E,40,310,1581500,0,39538,5102,2/23/2012,2,2012,Thursday,69,226,600,1969,400,1312,14.06,0,46,NA,3936
20054,Store E,28,387,2132800,0,76171,5511,2/24/2012,2,2012,Friday,69,226,600,1969,400,1312,14.06,0,50,NA,3606
20054,Store E,17,136,784000,0,46118,5765,2/25/2012,2,2012,Saturday,69,226,600,1969,400,1312,13.98,0,41,Cloudy,4788
20054,Store E,25,448,898200,0,35928,2005,2/26/2012,2,2012,Sunday,69,226,600,1969,400,1312,13.83,0,37,Sunny,4457
20054,Store E,28,463,1458250,0,52080,3150,2/27/2012,2,2012,Monday,69,226,600,1969,400,1312,13.83,0,41,Sunny,3879
20054,Store E,30,441,1320200,0,44007,2994,2/28/2012,2,2012,Tuesday,69,226,600,1969,400,1312,13.93,0,44,Sunny,3430
20054,Store E,33,475,2333800,0,70721,4913,2/29/2012,2,2012,Wednesday,69,226,600,1969,400,1312,13.98,0,50,Sunny,3361
20054,Store E,31,313,1608050,0,51873,5138,3/1/2012,3,2012,Thursday,69,226,600,1969,400,1312,13.89,0,57,Cloudy,3009
20054,Store E,27,443,1815700,0,67248,4099,3/2/2012,3,2012,Friday,69,226,600,1969,400,1312,13.77,0,50,NA,4040
20054,Store E,19,215,1070600,0,56347,4980,3/3/2012,3,2012,Saturday,69,226,600,1969,400,1312,13.68,0,53,Sunny,4889
20054,Store E,15,71,607400,0,40493,8555,3/4/2012,3,2012,Sunday,69,226,600,1969,400,1312,13.61,0,50,Rainy,4024
20054,Store E,24,256,1286301,0,53596,5025,3/5/2012,3,2012,Monday,69,226,600,1969,400,1312,13.46,0,48,Rainy,4107
20054,Store E,20,271,1327000,0,66350,4897,3/6/2012,3,2012,Tuesday,69,226,600,1969,400,1312,13.6,0,41,Rainy,4140
20054,Store E,24,445,1920600,0,80025,4316,3/7/2012,3,2012,Wednesday,69,226,600,1969,400,1312,13.82,0,42,Sunny,4188
20054,Store E,21,266,1030300,0,49062,3873,3/8/2012,3,2012,Thursday,69,226,600,1969,400,1312,13.89,0,42,NA,3277
20054,Store E,37,416,1577700,530550,42641,3793,3/9/2012,3,2012,Friday,69,226,600,1969,400,1312,13.72,0,46,NA,3962
20054,Store E,47,639,2275533,915870,48416,3561,3/10/2012,3,2012,Saturday,69,226,600,1969,400,1312,13.62,0,46,Sunny,5026
20054,Store E,41,341,1921860,461190,46875,5636,3/11/2012,3,2012,Sunday,69,226,600,1969,400,1312,13.52,0,35,Snowy,5226
20054,Store E,30,269,2046500,0,68217,7608,3/12/2012,3,2012,Monday,69,226,600,1969,400,1312,13.52,0,37,Sunny,5063
20054,Store E,38,396,2078600,0,54700,5249,3/13/2012,3,2012,Tuesday,69,226,600,1969,400,1312,13.62,0,44,NA,4473
20054,Store E,18,110,742200,0,41233,6747,3/14/2012,3,2012,Wednesday,69,226,600,1969,400,1312,13.6,0,42,NA,4195
20054,Store E,21,264,1707300,0,81300,6467,3/15/2012,3,2012,Thursday,69,226,600,1969,400,1312,13.51,0,53,Sunny,3707
20054,Store E,25,376,1705100,0,68204,4535,3/16/2012,3,2012,Friday,69,226,600,1969,400,1312,13.46,0,55,Rainy,3737
20054,Store E,21,299,2738500,0,130405,9159,3/17/2012,3,2012,Saturday,69,226,600,1969,400,1312,13.46,0,60,Rainy,
20054,Store E,19,220,1861300,0,97963,8460,3/18/2012,3,2012,Sunday,69,226,600,1969,400,1312,13.47,0,51,Sunny,
20054,Store E,26,418,2520100,0,96927,6029,3/19/2012,3,2012,Monday,69,226,600,1969,400,1312,13.47,0,44,Sunny,
20054,Store E,16,243,888900,0,55556,3658,3/20/2012,3,2012,Tuesday,69,226,600,1969,400,1312,13.47,0,46,Sunny,
20054,Store E,34,138,1251100,0,36797,9066,3/21/2012,3,2012,Wednesday,69,226,600,1969,400,1312,13.46,0,50,Sunny,
20054,Store E,29,299,1564900,0,53962,5234,3/22/2012,3,2012,Thursday,69,226,600,1969,400,1312,13.47,0,50,Cloudy,
20054,Store E,16,326,943600,0,58975,2894,3/23/2012,3,2012,Friday,69,226,600,1969,400,1312,13.62,0,44,Cloudy,
20054,Store E,26,200,1180500,0,45404,5903,3/24/2012,3,2012,Saturday,69,226,600,1969,400,1312,13.72,0,46,Snowy,
20054,Store E,24,222,1480000,0,61667,6667,3/25/2012,3,2012,Sunday,69,226,600,1969,400,1312,13.64,0,46,Sunny,
20054,Store E,15,332,1260100,0,84007,3795,3/26/2012,3,2012,Monday,69,226,600,1969,400,1312,13.46,0,46,Sunny,
20054,Store E,23,185,1803900,0,78430,9751,3/27/2012,3,2012,Tuesday,69,226,600,1969,400,1312,13.61,0,53,Cloudy,
20054,Store E,19,236,731210,0,38485,3098,3/28/2012,3,2012,Wednesday,69,226,600,1969,400,1312,13.67,0,60,Cloudy,
20054,Store E,41,490,1974400,0,48156,4029,3/29/2012,3,2012,Thursday,69,226,600,1969,400,1312,13.69,0,60,Cloudy,
20054,Store E,17,153,1412100,0,83065,9229,3/30/2012,3,2012,Friday,69,226,600,1969,400,1312,13.78,0,53,Cloudy,
20054,Store E,24,169,1522000,0,63417,9006,3/31/2012,3,2012,Saturday,69,226,600,1969,400,1312,13.77,0,51,Sunny,
20054,Store E,27,276,1457800,0,53993,5282,4/1/2012,4,2012,Sunday,69,226,600,1969,400,1312,13.64,0,48,Sunny,
20054,Store E,31,467,2707700,0,87345,5798,4/2/2012,4,2012,Monday,69,226,600,1969,400,1312,13.63,0,60,Rainy,
20054,Store E,22,270,1476100,0,67095,5467,4/3/2012,4,2012,Tuesday,69,226,600,1969,400,1312,13.64,0,48,Rainy,
20054,Store E,31,242,1904800,0,61445,7871,4/4/2012,4,2012,Wednesday,69,226,600,1969,400,1312,13.67,0,53,Sunny,
20054,Store E,25,125,1573400,0,62936,12587,4/5/2012,4,2012,Thursday,69,226,600,1969,400,1312,13.66,0,51,Sunny,
20054,Store E,19,157,1630700,0,85826,10387,4/6/2012,4,2012,Friday,69,226,600,1969,400,1312,13.72,0,50,Sunny,
20054,Store E,21,151,1204100,0,57338,7974,4/7/2012,4,2012,Saturday,69,226,600,1969,400,1312,13.75,0,53,Sunny,
20054,Store E,22,160,1532800,0,69673,9580,4/8/2012,4,2012,Sunday,69,226,600,1969,400,1312,13.79,0,62,Sunny,
20054,Store E,18,176,1327000,0,73722,7540,4/9/2012,4,2012,Monday,69,226,600,1969,400,1312,13.86,0,69,Sunny,
20054,Store E,11,115,800700,0,72791,6963,4/10/2012,4,2012,Tuesday,69,226,600,1969,400,1312,13.84,0,62,Rainy,
20054,Store E,23,168,1826610,0,79418,10873,4/11/2012,4,2012,Wednesday,69,226,600,1969,400,1312,13.95,0,64,Rainy,
20054,Store E,10,130,1547700,0,154770,11905,4/12/2012,4,2012,Thursday,69,226,600,1969,400,1312,14.13,0,55,Cloudy,
20054,Store E,19,434,1568470,418380,82551,3614,4/13/2012,4,2012,Friday,69,226,600,1969,400,1312,14.08,0,59,Sunny,
20054,Store E,37,434,1245250,407250,33655,2869,4/14/2012,4,2012,Saturday,69,226,600,1969,400,1312,13.99,0,59,Cloudy,
20054,Store E,42,671,2370800,779700,56448,3533,4/15/2012,4,2012,Sunday,69,226,600,1969,400,1312,13.96,0,68,Cloudy,
20054,Store E,24,405,1681600,0,70067,4152,4/16/2012,4,2012,Monday,69,226,600,1969,400,1312,13.79,0,62,Cloudy,
20054,Store E,28,325,2675100,0,95539,8231,4/17/2012,4,2012,Tuesday,69,226,600,1969,400,1312,14.01,0,64,Sunny,
20054,Store E,28,460,1594300,0,56939,3466,4/18/2012,4,2012,Wednesday,69,226,600,1969,400,1312,14.09,0,68,Sunny,
20054,Store E,27,159,1031400,0,38200,6487,4/19/2012,4,2012,Thursday,69,226,600,1969,400,1312,13.99,0,75,Cloudy,
20054,Store E,34,487,2283450,0,67160,4689,4/20/2012,4,2012,Friday,69,226,600,1969,400,1312,13.97,0,73,Cloudy,
20054,Store E,38,826,2726500,0,71750,3301,4/21/2012,4,2012,Saturday,69,226,600,1969,400,1312,13.94,0,64,Rainy,
20054,Store E,20,350,1446600,0,72330,4133,4/22/2012,4,2012,Sunday,69,226,600,1969,400,1312,13.95,0,53,Rainy,
20054,Store E,20,387,1416000,0,70800,3659,4/23/2012,4,2012,Monday,69,226,600,1969,400,1312,13.94,0,66,Cloudy,
20054,Store E,20,290,1386200,0,69310,4780,4/24/2012,4,2012,Tuesday,69,226,600,1969,400,1312,14.04,0,80,Cloudy,
20054,Store E,16,155,925200,0,57825,5969,4/25/2012,4,2012,Wednesday,69,226,600,1969,400,1312,14.04,0,68,Rainy,
20054,Store E,24,279,1719400,0,71642,6163,4/26/2012,4,2012,Thursday,69,226,600,1969,400,1312,13.99,0,60,Cloudy,
20054,Store E,15,136,1035800,0,69053,7616,4/27/2012,4,2012,Friday,69,226,600,1969,400,1312,14,0,69,Sunny,
20054,Store E,11,57,319400,0,29036,5604,4/28/2012,4,2012,Saturday,69,226,600,1969,400,1312,14.02,1,69,Cloudy,
20054,Store E,11,199,1223700,0,111245,6149,4/29/2012,4,2012,Sunday,69,226,600,1969,400,1312,14.08,1,77,Cloudy,
20054,Store E,9,90,499000,0,55444,5544,4/30/2012,4,2012,Monday,69,226,600,1969,400,1312,14.08,1,84,Sunny,
20054,Store E,16,131,927700,0,57981,7082,5/1/2012,5,2012,Tuesday,69,226,600,1969,400,1312,14.1,0,80,Sunny,2444
20054,Store E,14,226,714500,0,51036,3162,5/2/2012,5,2012,Wednesday,69,226,600,1969,400,1312,14.12,0,82,Sunny,3727
20054,Store E,20,377,1354000,0,67700,3592,5/3/2012,5,2012,Thursday,69,226,600,1969,400,1312,14.07,1,77,Sunny,5936
20054,Store E,27,442,2136300,0,79122,4833,5/4/2012,5,2012,Friday,69,226,600,1969,400,1312,14.07,1,77,Sunny,2535
20054,Store E,20,167,1751200,0,87560,10486,5/5/2012,5,2012,Saturday,69,226,600,1969,400,1312,14.13,1,75,Sunny,1205
20054,Store E,13,136,1136500,0,87423,8357,5/6/2012,5,2012,Sunday,69,226,600,1969,400,1312,14.03,1,73,Sunny,2966
20054,Store E,21,272,1139100,0,54243,4188,5/7/2012,5,2012,Monday,69,226,600,1969,400,1312,13.9,0,75,Sunny,3907
20054,Store E,9,70,457200,0,50800,6531,5/8/2012,5,2012,Tuesday,69,226,600,1969,400,1312,14.15,0,82,Sunny,2661
20054,Store E,14,214,1155300,0,82521,5399,5/9/2012,5,2012,Wednesday,69,226,600,1969,400,1312,14.23,0,78,Sunny,2461
20054,Store E,9,176,819200,27600,91022,4655,5/10/2012,5,2012,Thursday,69,226,600,1969,400,1312,14.31,0,78,Sunny,2341
20054,Store E,35,538,1623580,523320,46388,3018,5/11/2012,5,2012,Friday,69,226,600,1969,400,1312,14.31,0,68,Cloudy,2735
20054,Store E,44,679,2620840,606360,59565,3860,5/12/2012,5,2012,Saturday,69,226,600,1969,400,1312,14.34,0,69,Cloudy,3497
20054,Store E,39,615,2022460,483240,51858,3289,5/13/2012,5,2012,Sunday,69,226,600,1969,400,1312,14.35,0,75,Cloudy,3793
20054,Store E,44,404,2144600,0,48741,5308,5/14/2012,5,2012,Monday,69,226,600,1969,400,1312,14.35,0,62,Rainy,3881
20054,Store E,22,199,1281500,0,58250,6440,5/15/2012,5,2012,Tuesday,69,226,600,1969,400,1312,14.39,0,69,Cloudy,3152
20054,Store E,28,409,1845800,0,65921,4513,5/16/2012,5,2012,Wednesday,69,226,600,1969,400,1312,14.42,0,69,Sunny,2518
20054,Store E,19,188,1087600,0,57242,5785,5/17/2012,5,2012,Thursday,69,226,600,1969,400,1312,14.48,0,68,Rainy,2844
20054,Store E,25,193,2097700,0,83908,10869,5/18/2012,5,2012,Friday,69,226,600,1969,400,1312,14.54,0,75,Sunny,3682
20054,Store E,30,323,1529910,0,50997,4737,5/19/2012,5,2012,Saturday,69,226,600,1969,400,1312,14.74,0,77,Sunny,3822
20054,Store E,28,517,2655000,3600,94821,5135,5/20/2012,5,2012,Sunday,69,226,600,1969,400,1312,14.76,0,80,Sunny,3748
20054,Store E,31,479,3467100,0,111842,7238,5/21/2012,5,2012,Monday,69,226,600,1969,400,1312,14.76,0,84,Sunny,3108
20054,Store E,20,216,1864300,3600,93215,8631,5/22/2012,5,2012,Tuesday,69,226,600,1969,400,1312,14.72,0,82,Sunny,3720
20054,Store E,31,179,2019600,0,65148,11283,5/23/2012,5,2012,Wednesday,69,226,600,1969,400,1312,14.61,0,80,Sunny,3033
20054,Store E,28,277,1751200,6900,62543,6322,5/24/2012,5,2012,Thursday,69,226,600,1969,400,1312,14.74,0,73,Sunny,3104
20054,Store E,16,210,1328900,0,83056,6328,5/25/2012,5,2012,Friday,69,226,600,1969,400,1312,14.81,0,78,Sunny,3849
20054,Store E,34,444,3982200,19200,117124,8969,5/26/2012,5,2012,Saturday,69,226,600,1969,400,1312,14.85,0,80,Sunny,4724
20054,Store E,39,448,2353600,9600,60349,5254,5/27/2012,5,2012,Sunday,69,226,600,1969,400,1312,14.85,0,71,Rainy,4230
20054,Store E,20,190,1431800,0,71590,7536,5/28/2012,5,2012,Monday,69,226,600,1969,400,1312,14.73,0,78,Rainy,2411
20054,Store E,23,237,1961800,0,85296,8278,5/29/2012,5,2012,Tuesday,69,226,600,1969,400,1312,14.67,0,77,Sunny,3339
20054,Store E,16,308,1838700,0,114919,5970,5/30/2012,5,2012,Wednesday,69,226,600,1969,400,1312,14.8,0,77,Rainy,3266
20054,Store E,28,288,2467000,9600,88107,8566,5/31/2012,5,2012,Thursday,69,226,600,1969,400,1312,14.86,0,78,Cloudy,2751
20054,Store E,29,541,1936430,625470,66773,3579,6/1/2012,6,2012,Friday,69,226,600,1969,400,1312,14.98,0,78,Sunny,3125
20054,Store E,32,472,1683000,633000,52594,3566,6/2/2012,6,2012,Saturday,69,226,600,1969,400,1312,15.07,0,80,Sunny,3674
20054,Store E,30,522,1470640,544770,49021,2817,6/3/2012,6,2012,Sunday,69,226,600,1969,400,1312,15.14,0,80,Sunny,3220
20054,Store E,20,271,1424100,0,71205,5255,6/4/2012,6,2012,Monday,69,226,600,1969,400,1312,15.02,0,82,Cloudy,2923
20054,Store E,16,210,1354100,0,84631,6448,6/5/2012,6,2012,Tuesday,69,226,600,1969,400,1312,15.11,0,78,cloudy,3165
20054,Store E,13,71,527800,0,40600,7434,6/6/2012,6,2012,Wednesday,69,226,600,1969,400,1312,15.02,0,82,cloudy,2669
20054,Store E,11,228,713700,0,64882,3130,6/7/2012,6,2012,Thursday,69,226,600,1969,400,1312,14.86,0,82,Sunny,3608
20054,Store E,19,363,2157100,0,113532,5942,6/8/2012,6,2012,Friday,69,226,600,1969,400,1312,14.7,0,80,Sunny,4283
20054,Store E,34,294,2866600,4500,84312,9750,6/9/2012,6,2012,Saturday,69,226,600,1969,400,1312,14.75,0,84,cloudy,4461
20054,Store E,35,482,2182200,0,62349,4527,6/10/2012,6,2012,Sunday,69,226,600,1969,400,1312,14.56,0,80,Sunny,4572
20054,Store E,21,265,1219900,18000,58090,4603,6/11/2012,6,2012,Monday,69,226,600,1969,400,1312,14.39,0,82,cloudy,3188
20054,Store E,15,308,1382500,0,92167,4489,6/12/2012,6,2012,Tuesday,69,226,600,1969,400,1312,14.53,0,86,cloudy,3134
20054,Store E,19,227,2677200,18000,140905,11794,6/13/2012,6,2012,Wednesday,69,226,600,1969,400,1312,14.71,0,82,Sunny,3006
20054,Store E,14,154,1335200,4500,95371,8670,6/14/2012,6,2012,Thursday,69,226,600,1969,400,1312,14.66,0,87,Sunny,3394
20054,Store E,26,207,964200,17200,37085,4658,6/15/2012,6,2012,Friday,69,226,600,1969,400,1312,14.68,0,82,Sunny,4615
20054,Store E,27,268,2257500,0,83611,8424,6/16/2012,6,2012,Saturday,69,226,600,1969,400,1312,14.73,0,84,cloudy,5129
20054,Store E,27,287,2137500,21600,79167,7448,6/17/2012,6,2012,Sunday,69,226,600,1969,400,1312,14.58,0,84,Sunny,4139
20054,Store E,20,301,1921300,5900,96065,6383,6/18/2012,6,2012,Monday,69,226,600,1969,400,1312,14.43,0,84,Sunny,2911
20054,Store E,18,152,1365500,13200,75861,8984,6/19/2012,6,2012,Tuesday,69,226,600,1969,400,1312,14.49,0,91,Sunny,3263
20054,Store E,16,112,1070600,4500,66913,9559,6/20/2012,6,2012,Wednesday,69,226,600,1969,400,1312,14.62,0,87,rainy,3080
20054,Store E,17,194,1348200,23900,79306,6949,6/21/2012,6,2012,Thursday,69,226,600,1969,400,1312,14.55,0,87,Sunny,3778
20054,Store E,21,257,2189900,0,104281,8521,6/22/2012,6,2012,Friday,69,226,600,1969,400,1312,14.42,0,82,Sunny,4749
20054,Store E,29,488,2878250,20900,99250,5898,6/23/2012,6,2012,Saturday,69,226,600,1969,400,1312,14.39,0,86,rainy,4329
20054,Store E,17,220,1228400,13800,72259,5584,6/24/2012,6,2012,Sunday,69,226,600,1969,400,1312,14.17,0,91,Sunny,4265
20054,Store E,19,359,1898800,20800,99937,5289,6/25/2012,6,2012,Monday,69,226,600,1969,400,1312,14.38,0,89,Sunny,2809
20054,Store E,14,184,1482600,34200,105900,8058,6/26/2012,6,2012,Tuesday,69,226,600,1969,400,1312,14.51,0,87,Sunny,3714
20054,Store E,21,471,1590600,0,75743,3377,6/27/2012,6,2012,Wednesday,69,226,600,1969,400,1312,14.56,0,86,Sunny,3400
20054,Store E,19,274,1590400,4500,83705,5804,6/28/2012,6,2012,Thursday,69,226,600,1969,400,1312,14.52,0,84,Sunny,3244
20054,Store E,24,362,2600800,14600,108367,7185,6/29/2012,6,2012,Friday,69,226,600,1969,400,1312,14.53,0,87,rainy,3721
20054,Store E,24,433,2832200,9600,118008,6541,6/30/2012,6,2012,Saturday,69,226,600,1969,400,1312,14.54,0,75,rainy,4313
20054,Store E,26,218,1670400,16000,64246,7662,7/1/2012,7,2012,Sunday,69,226,600,1969,400,1312,14.15,0,77,cloudy,4848
20054,Store E,18,222,2136200,45000,118678,9623,7/2/2012,7,2012,Monday,69,226,600,1969,400,1312,13.95,0,84,cloudy,3055
20054,Store E,12,234,570200,0,47517,2437,7/3/2012,7,2012,Tuesday,69,226,600,1969,400,1312,14.21,0,78,rainy,3535
20054,Store E,18,226,1416600,9000,78700,6268,7/4/2012,7,2012,Wednesday,69,226,600,1969,400,1312,14.25,0,78,cloudy,3549
20054,Store E,12,114,650500,5400,54208,5706,7/5/2012,7,2012,Thursday,69,226,600,1969,400,1312,14.22,0,77,rainy,3665
20054,Store E,36,655,2485310,1038990,69036,3794,7/6/2012,7,2012,Friday,69,226,600,1969,400,1312,14.2,0,73,rainy,4466
20054,Store E,41,416,2167250,800250,52860,5210,7/7/2012,7,2012,Saturday,69,226,600,1969,400,1312,14.25,0,86,Sunny,5122
20054,Store E,61,1055,3707540,1133660,60779,3514,7/8/2012,7,2012,Sunday,69,226,600,1969,400,1312,14.23,0,86,Sunny,5051
20054,Store E,26,206,1799400,4500,69208,8735,7/9/2012,7,2012,Monday,69,226,600,1969,400,1312,14.11,0,87,cloudy,3463
20054,Store E,14,143,1016700,13500,72621,7110,7/10/2012,7,2012,Tuesday,69,226,600,1969,400,1312,14.24,0,84,rainy,3337
20054,Store E,23,315,2413900,9000,104952,7663,7/11/2012,7,2012,Wednesday,69,226,600,1969,400,1312,14.36,0,78,rainy,3700
20054,Store E,14,337,1607250,0,114804,4769,7/12/2012,7,2012,Thursday,69,226,600,1969,400,1312,14.36,0,82,rainy,3084
20054,Store E,21,173,1693300,0,80633,9788,7/13/2012,7,2012,Friday,69,226,600,1969,400,1312,14.47,0,84,rainy,3159
20054,Store E,25,388,2263900,0,90556,5835,7/14/2012,7,2012,Saturday,69,226,600,1969,400,1312,14.5,1,78,rainy,4462
20054,Store E,20,579,3472400,5900,173620,5997,7/15/2012,7,2012,Sunday,69,226,600,1969,400,1312,14.3,1,69,rainy,2858
20054,Store E,15,286,1442700,0,96180,5044,7/16/2012,7,2012,Monday,69,226,600,1969,400,1312,14.13,1,77,rainy,2008
20054,Store E,16,82,1180500,0,73781,14396,7/17/2012,7,2012,Tuesday,69,226,600,1969,400,1312,14.38,0,86,rainy,1853
20054,Store E,16,120,626000,5900,39125,5217,7/18/2012,7,2012,Wednesday,69,226,600,1969,400,1312,14.47,0,84,rainy,1731
20054,Store E,11,198,1411600,0,128327,7129,7/19/2012,7,2012,Thursday,69,226,600,1969,400,1312,14.45,0,80,rainy,2041
20054,Store E,5,23,342700,0,68540,14900,7/20/2012,7,2012,Friday,69,226,600,1969,400,1312,14.47,0,84,Sunny,2676
20054,Store E,18,181,1225200,22000,68067,6769,7/21/2012,7,2012,Saturday,69,226,600,1969,400,1312,14.51,0,87,Sunny,3667
20054,Store E,14,282,704000,0,50286,2496,7/22/2012,7,2012,Sunday,69,226,600,1969,400,1312,14.5,0,87,rainy,3563
20054,Store E,19,297,1606400,0,84547,5409,7/23/2012,7,2012,Monday,69,226,600,1969,400,1312,14.54,0,87,Cloudy,2454
20054,Store E,20,198,1673800,4200,83690,8454,7/24/2012,7,2012,Tuesday,69,226,600,1969,400,1312,14.65,0,87,Cloudy,2571
20054,Store E,15,228,919000,5400,61267,4031,7/25/2012,7,2012,Wednesday,69,226,600,1969,400,1312,14.66,0,87,Sunny,3201
20054,Store E,13,193,889900,0,68454,4611,7/26/2012,7,2012,Thursday,69,226,600,1969,400,1312,14.69,0,87,Cloudy,3016
20054,Store E,20,275,2607200,11800,130360,9481,7/27/2012,7,2012,Friday,69,226,600,1969,400,1312,14.66,0,89,Sunny,2869
20054,Store E,16,99,1721800,0,107613,17392,7/28/2012,7,2012,Saturday,69,226,600,1969,400,1312,14.54,0,89,Sunny,3176
20054,Store E,12,150,1300800,0,108400,8672,7/29/2012,7,2012,Sunday,69,226,600,1969,400,1312,14.5,0,91,Sunny,3500
20054,Store E,19,146,1707700,0,89879,11697,7/30/2012,7,2012,Monday,69,226,600,1969,400,1312,14.33,0,87,Rainy,2198
20054,Store E,17,142,1092200,0,64247,7692,7/31/2012,7,2012,Tuesday,69,226,600,1969,400,1312,14.41,0,89,Sunny,2627
20054,Store E,15,102,1080100,9000,72007,10589,8/1/2012,8,2012,Wednesday,69,226,600,1969,400,1312,14.46,0,95,Cloudy,2957
20054,Store E,12,172,1314200,9000,109517,7641,8/2/2012,8,2012,Thursday,69,226,600,1969,400,1312,14.41,0,96,Sunny,2781
20054,Store E,24,214,2211200,10800,92133,10333,8/3/2012,8,2012,Friday,69,226,600,1969,400,1312,14.42,0,96,Sunny,2028
20054,Store E,17,113,1314800,9500,77341,11635,8/4/2012,8,2012,Saturday,69,226,600,1969,400,1312,14.46,0,96,Sunny,2168
20054,Store E,12,147,1208600,0,100717,8222,8/5/2012,8,2012,Sunday,69,226,600,1969,400,1312,14.33,0,96,Sunny,2730
20054,Store E,8,154,604700,4500,75588,3927,8/6/2012,8,2012,Monday,69,226,600,1969,400,1312,14.03,0,95,Sunny,2515
20054,Store E,15,190,1056400,0,70427,5560,8/7/2012,8,2012,Tuesday,69,226,600,1969,400,1312,14.25,0,95,Rainy,3106
20054,Store E,22,254,1483400,4200,67427,5840,8/8/2012,8,2012,Wednesday,69,226,600,1969,400,1312,14.36,0,93,Sunny,2987
20054,Store E,14,87,924100,11300,66007,10622,8/9/2012,8,2012,Thursday,69,226,600,1969,400,1312,14.37,0,95,Sunny,2966
20054,Store E,19,91,1037800,5400,54621,11404,8/10/2012,8,2012,Friday,69,226,600,1969,400,1312,14.34,0,84,Rainy,2275
20054,Store E,22,226,1042500,8000,47386,4613,8/11/2012,8,2012,Saturday,69,226,600,1969,400,1312,14.41,0,87,Cloudy,3664
20054,Store E,19,128,1175400,0,61863,9183,8/12/2012,8,2012,Sunday,69,226,600,1969,400,1312,14.43,0,82,Rainy,4893
20054,Store E,12,209,1860500,0,155042,8902,8/13/2012,8,2012,Monday,69,226,600,1969,400,1312,14.44,0,91,Rainy,3643
20054,Store E,19,292,2117900,27900,111468,7253,8/14/2012,8,2012,Tuesday,69,226,600,1969,400,1312,14.41,0,87,Rainy,3521
20054,Store E,17,280,1795600,0,105624,6413,8/15/2012,8,2012,Wednesday,69,226,600,1969,400,1312,14.38,0,80,Rainy,4631
20054,Store E,12,151,1306900,0,108908,8655,8/16/2012,8,2012,Thursday,69,226,600,1969,400,1312,14.36,0,84,Sunny,4406
20054,Store E,52,638,2998640,1103460,57666,4700,8/17/2012,8,2012,Friday,69,226,600,1969,400,1312,14.3,0,89,Cloudy,3618
20054,Store E,35,428,2294700,540850,65563,5361,8/18/2012,8,2012,Saturday,69,226,600,1969,400,1312,14.28,0,84,Rainy,3769
20054,Store E,42,361,2575550,1027050,61323,7134,8/19/2012,8,2012,Sunday,69,226,600,1969,400,1312,14.26,0,87,Rainy,4768
20054,Store E,19,238,1346500,0,70868,5658,8/20/2012,8,2012,Monday,69,226,600,1969,400,1312,14.26,0,80,Rainy,4178
20054,Store E,23,587,2710300,18000,117839,4617,8/21/2012,8,2012,Tuesday,69,226,600,1969,400,1312,14.27,0,84,Rainy,3626
20054,Store E,14,203,949700,0,67836,4678,8/22/2012,8,2012,Wednesday,69,226,600,1969,400,1312,14.23,0,75,Rainy,3295
20054,Store E,14,82,971300,4200,69379,11845,8/23/2012,8,2012,Thursday,69,226,600,1969,400,1312,14.24,0,78,Cloudy,3133
20054,Store E,15,150,906000,0,60400,6040,8/24/2012,8,2012,Friday,69,226,600,1969,400,1312,14.39,0,80,Rainy,2765
20054,Store E,16,123,669500,0,41844,5443,8/25/2012,8,2012,Saturday,69,226,600,1969,400,1312,14.42,0,84,Rainy,3594
20054,Store E,17,159,1673800,0,98459,10527,8/26/2012,8,2012,Sunday,69,226,600,1969,400,1312,14.3,0,89,Cloudy,6488
20054,Store E,29,330,2276000,0,78483,6897,8/27/2012,8,2012,Monday,69,226,600,1969,400,1312,14.12,0,91,Cloudy,5387
20054,Store E,17,222,1655100,0,97359,7455,8/28/2012,8,2012,Tuesday,69,226,600,1969,400,1312,14.3,0,84,Rainy,4533
20054,Store E,11,78,362600,0,32964,4649,8/29/2012,8,2012,Wednesday,69,226,600,1969,400,1312,14.44,0,84,Rainy,4436
20054,Store E,28,439,2991800,0,106850,6815,8/30/2012,8,2012,Thursday,69,226,600,1969,400,1312,14.42,0,75,Rainy,3997
20054,Store E,29,239,2011600,0,69366,8417,8/31/2012,8,2012,Friday,69,226,600,1969,400,1312,14.41,0,82,Sunny,2718
20054,Store E,14,173,1462600,0,104471,8454,9/1/2012,9,2012,Saturday,69,226,600,1969,400,1312,14.44,0,82,Sunny,3543
20054,Store E,17,173,1438200,0,84600,8313,9/2/2012,9,2012,Sunday,69,226,600,1969,400,1312,14.4,0,84,Sunny,5250
20054,Store E,21,229,1106600,0,52695,4832,9/3/2012,9,2012,Monday,69,226,600,1969,400,1312,14.44,0,82,Sunny,4036
20054,Store E,16,179,1208100,0,75506,6749,9/4/2012,9,2012,Tuesday,69,226,600,1969,400,1312,14.45,0,73,Rainy,3686
20054,Store E,15,118,787100,0,52473,6670,9/5/2012,9,2012,Wednesday,69,226,600,1969,400,1312,14.44,0,77,Rainy,6226
20054,Store E,11,81,464300,0,42209,5732,9/6/2012,9,2012,Thursday,69,226,600,1969,400,1312,14.47,0,78,Sunny,3448
20054,Store E,55,925,2953180,1042220,53694,3193,9/7/2012,9,2012,Friday,69,226,600,1969,400,1312,14.42,0,80,Cloudy,4374
20054,Store E,37,585,2167970,808130,58594,3706,9/8/2012,9,2012,Saturday,69,226,600,1969,400,1312,14.35,0,73,Rainy,4886
20054,Store E,62,1317,5350590,1894160,86300,4063,9/9/2012,9,2012,Sunday,69,226,600,1969,400,1312,14.28,0,77,Cloudy,4923
20054,Store E,31,444,1996100,9000,64390,4496,9/10/2012,9,2012,Monday,69,226,600,1969,400,1312,14,0,80,Sunny,3936
20054,Store E,16,377,1451300,0,90706,3850,9/11/2012,9,2012,Tuesday,69,226,600,1969,400,1312,14.26,0,82,Sunny,3984
20054,Store E,26,294,2695300,0,103665,9168,9/12/2012,9,2012,Wednesday,69,226,600,1969,400,1312,14.45,0,77,Cloudy,3601
20054,Store E,33,344,2993000,6900,90697,8701,9/13/2012,9,2012,Thursday,69,226,600,1969,400,1312,14.46,0,69,Rainy,2668
20054,Store E,32,362,2316600,0,72394,6399,9/14/2012,9,2012,Friday,69,226,600,1969,400,1312,14.51,0,69,Rainy,3175
20054,Store E,36,200,2132400,4500,59233,10662,9/15/2012,9,2012,Saturday,69,226,600,1969,400,1312,14.36,1,77,Cloudy,4434
20054,Store E,35,477,3051100,0,87174,6396,9/16/2012,9,2012,Sunday,69,226,600,1969,400,1312,14.14,1,71,Rainy,3207
20054,Store E,15,201,2648400,0,176560,13176,9/17/2012,9,2012,Monday,69,226,600,1969,400,1312,14.23,1,64,Rainy,3962
20054,Store E,16,208,1255200,0,78450,6035,9/18/2012,9,2012,Tuesday,69,226,600,1969,400,1312,14.21,0,75,Cloudy,3649
20054,Store E,20,223,1179500,4500,58975,5289,9/19/2012,9,2012,Wednesday,69,226,600,1969,400,1312,14.2,0,77,Sunny,2655
20054,Store E,20,276,2022600,4500,101130,7328,9/20/2012,9,2012,Thursday,69,226,600,1969,400,1312,14.17,0,75,Rainy,2829
20054,Store E,24,366,2349800,0,97908,6420,9/21/2012,9,2012,Friday,69,226,600,1969,400,1312,14.3,0,75,Cloudy,2851
20054,Store E,32,394,1984000,0,62000,5036,9/22/2012,9,2012,Saturday,69,226,600,1969,400,1312,14.3,1,78,Sunny,3169
20054,Store E,27,333,2951100,0,109300,8862,9/23/2012,9,2012,Sunday,69,226,600,1969,400,1312,14.19,1,78,Cloudy,3195
20054,Store E,20,251,3328400,4200,166420,13261,9/24/2012,9,2012,Monday,69,226,600,1969,400,1312,14.3,1,80,Sunny,4327
20054,Store E,20,378,1840800,0,92040,4870,9/25/2012,9,2012,Tuesday,69,226,600,1969,400,1312,14.35,0,80,Sunny,3676
20054,Store E,22,249,2158000,0,98091,8667,9/26/2012,9,2012,Wednesday,69,226,600,1969,400,1312,14.36,0,77,Sunny,2535
20054,Store E,19,203,1847500,0,97237,9101,9/27/2012,9,2012,Thursday,69,226,600,1969,400,1312,14.39,0,73,Cloudy,1633
20054,Store E,22,245,1656100,0,75277,6760,9/28/2012,9,2012,Friday,69,226,600,1969,400,1312,14.37,0,71,Rainy,1732
20054,Store E,20,74,1050000,0,52500,14189,9/29/2012,9,2012,Saturday,69,226,600,1969,400,1312,14.32,0,66,Rainy,1886
20054,Store E,19,114,734700,0,38668,6445,9/30/2012,9,2012,Sunday,69,226,600,1969,400,1312,14.19,0,68,Sunny,1656
20054,Store E,18,206,970900,0,53939,4713,10/1/2012,10,2012,Monday,69,226,600,1969,400,1312,14.06,0,73,Sunny,1219
20054,Store E,23,271,1290000,0,56087,4760,10/2/2012,10,2012,Tuesday,69,226,600,1969,400,1312,14.19,0,75,Sunny,
20054,Store E,12,192,1249000,0,104083,6505,10/3/2012,10,2012,Wednesday,69,226,600,1969,400,1312,14.24,0,77,Sunny,
20054,Store E,25,223,1899150,0,75966,8516,10/4/2012,10,2012,Thursday,69,226,600,1969,400,1312,14.2,0,75,Cloudy,
20054,Store E,24,364,1506640,520160,62777,4139,10/5/2012,10,2012,Friday,69,226,600,1969,400,1312,14.16,0,71,Sunny,
20054,Store E,46,548,3675880,1203520,79910,6708,10/6/2012,10,2012,Saturday,69,226,600,1969,400,1312,14.12,1,75,Sunny,
20054,Store E,33,586,3971470,1152830,120348,6777,10/7/2012,10,2012,Sunday,69,226,600,1969,400,1312,14.09,1,75,Sunny,
20054,Store E,22,325,2275800,0,103445,7002,10/8/2012,10,2012,Monday,69,226,600,1969,400,1312,13.89,1,73,Sunny,2539
20054,Store E,11,56,895900,0,81445,15998,10/9/2012,10,2012,Tuesday,69,226,600,1969,400,1312,14.03,0,71,Cloudy,2897
20054,Store E,18,140,1126200,0,62567,8044,10/10/2012,10,2012,Wednesday,69,226,600,1969,400,1312,14.18,0,69,Rainy,2482
20054,Store E,20,212,1618350,0,80918,7634,10/11/2012,10,2012,Thursday,69,226,600,1969,400,1312,14.22,0,66,Sunny,2101
20054,Store E,30,293,2603900,0,86797,8887,10/12/2012,10,2012,Friday,69,226,600,1969,400,1312,14.22,0,69,Sunny,3964
20054,Store E,32,458,3830300,0,119697,8363,10/13/2012,10,2012,Saturday,69,226,600,1969,400,1312,14.16,0,73,Sunny,3274
20054,Store E,21,345,3962500,73500,188690,11486,10/14/2012,10,2012,Sunday,69,226,600,1969,400,1312,14.04,0,69,Cloudy,3728
20054,Store E,19,229,1632200,0,85905,7128,10/15/2012,10,2012,Monday,69,226,600,1969,400,1312,14.14,0,68,Sunny,2711
20054,Store E,26,330,2436700,27600,93719,7384,10/16/2012,10,2012,Tuesday,69,226,600,1969,400,1312,14.13,0,75,Cloudy,3038
20054,Store E,12,202,1317900,0,109825,6524,10/17/2012,10,2012,Wednesday,69,226,600,1969,400,1312,14.03,0,62,Rainy,2596
20054,Store E,37,232,1988800,8400,53751,8572,10/18/2012,10,2012,Thursday,69,226,600,1969,400,1312,14.01,0,60,Sunny,2431
20054,Store E,22,252,2069200,0,94055,8211,10/19/2012,10,2012,Friday,69,226,600,1969,400,1312,13.94,0,66,Sunny,2961
20054,Store E,28,361,3164300,0,113011,8765,10/20/2012,10,2012,Saturday,69,226,600,1969,400,1312,13.92,0,68,Cloudy,3561
20054,Store E,33,193,1665400,0,50467,8629,10/21/2012,10,2012,Sunday,69,226,600,1969,400,1312,13.78,0,73,Cloudy,3561
20054,Store E,17,318,2458600,18000,144624,7731,10/22/2012,10,2012,Monday,69,226,600,1969,400,1312,13.82,0,64,Rainy,2842
20054,Store E,26,236,2277800,0,87608,9652,10/23/2012,10,2012,Tuesday,69,226,600,1969,400,1312,13.85,0,57,Sunny,2957
20054,Store E,18,306,1990300,9000,110572,6504,10/24/2012,10,2012,Wednesday,69,226,600,1969,400,1312,13.8,0,64,Sunny,2297
20054,Store E,32,343,3149400,0,98419,9182,10/25/2012,10,2012,Thursday,69,226,600,1969,400,1312,13.81,0,68,Sunny,2635
20054,Store E,19,221,2358800,0,124147,10673,10/26/2012,10,2012,Friday,69,226,600,1969,400,1312,13.72,0,69,Cloudy,3027
20054,Store E,26,279,3498300,0,134550,12539,10/27/2012,10,2012,Saturday,69,226,600,1969,400,1312,13.7,0,62,Rainy,3043
20054,Store E,24,190,1507800,0,62825,7936,10/28/2012,10,2012,Sunday,69,226,600,1969,400,1312,13.62,0,64,Sunny,2798
20054,Store E,17,163,1503100,0,88418,9221,10/29/2012,10,2012,Monday,69,226,600,1969,400,1312,13.41,0,59,Cloudy,2349
20054,Store E,17,279,1936800,9000,113929,6942,10/30/2012,10,2012,Tuesday,69,226,600,1969,400,1312,13.61,0,51,Sunny,2137
20054,Store E,15,146,578800,0,38587,3964,10/31/2012,10,2012,Wednesday,69,226,600,1969,400,1312,13.71,0,51,Rainy,1628
20054,Store E,9,179,774100,0,86011,4325,11/1/2012,11,2012,Thursday,69,226,600,1969,400,1312,13.66,0,50,Sunny,1857
20054,Store E,35,650,2137160,701640,61062,3288,11/2/2012,11,2012,Friday,69,226,600,1969,400,1312,13.62,0,51,Sunny,1870
20054,Store E,34,514,3062450,1096250,90072,5958,11/3/2012,11,2012,Saturday,69,226,600,1969,400,1312,13.57,0,57,Sunny,2178
20054,Store E,26,485,2140240,796560,82317,4413,11/4/2012,11,2012,Sunday,69,226,600,1969,400,1312,13.46,0,59,Rainy,2112
20054,Store E,14,361,970460,352340,69319,2688,11/5/2012,11,2012,Monday,69,226,600,1969,400,1312,13.38,0,51,Rainy,2302
20054,Store E,14,117,954500,4500,68179,8158,11/6/2012,11,2012,Tuesday,69,226,600,1969,400,1312,13.58,0,48,Rainy,2017
20054,Store E,16,163,1978900,0,123681,12140,11/7/2012,11,2012,Wednesday,69,226,600,1969,400,1312,13.58,0,53,Sunny,1926
20054,Store E,14,149,1345000,0,96071,9027,11/8/2012,11,2012,Thursday,69,226,600,1969,400,1312,13.55,0,57,Cloudy,2052
20054,Store E,18,197,944100,4500,52450,4792,11/9/2012,11,2012,Friday,69,226,600,1969,400,1312,13.63,0,55,Cloudy,2639
20054,Store E,25,334,1551700,0,62068,4646,11/10/2012,11,2012,Saturday,69,226,600,1969,400,1312,13.69,0,59,Cloudy,2730
20054,Store E,19,249,1363200,0,71747,5475,11/11/2012,11,2012,Sunday,69,226,600,1969,400,1312,13.53,0,55,Rainy,2435
20054,Store E,13,52,841700,0,64746,16187,11/12/2012,11,2012,Monday,69,226,600,1969,400,1312,13.31,0,48,Rainy,2317
20054,Store E,13,97,467300,0,35946,4818,11/13/2012,11,2012,Tuesday,69,226,600,1969,400,1312,13.54,0,48,Snowy,2356
20054,Store E,12,166,702100,0,58508,4230,11/14/2012,11,2012,Wednesday,69,226,600,1969,400,1312,13.71,0,42,Snowy,1760
20054,Store E,12,138,805400,0,67117,5836,11/15/2012,11,2012,Thursday,69,226,600,1969,400,1312,13.59,0,48,Sunny,2172
20054,Store E,16,144,2007800,0,125488,13943,11/16/2012,11,2012,Friday,69,226,600,1969,400,1312,13.44,0,48,Rainy,4056
20054,Store E,29,317,2023400,0,69772,6383,11/17/2012,11,2012,Saturday,69,226,600,1969,400,1312,13.43,0,46,Rainy,3262
20054,Store E,22,108,1963600,0,89255,18181,11/18/2012,11,2012,Sunday,69,226,600,1969,400,1312,13.38,0,44,Sunny,2359
20054,Store E,22,244,1477100,0,67141,6054,11/19/2012,11,2012,Monday,69,226,600,1969,400,1312,13.42,0,46,Rainy,2617
20054,Store E,14,324,1535200,0,109657,4738,11/20/2012,11,2012,Tuesday,69,226,600,1969,400,1312,13.38,0,42,Sunny,2159
20054,Store E,21,142,1021000,0,48619,7190,11/21/2012,11,2012,Wednesday,69,226,600,1969,400,1312,13.29,0,46,Cloudy,3059
20054,Store E,15,251,2517500,0,167833,10030,11/22/2012,11,2012,Thursday,69,226,600,1969,400,1312,13.17,0,50,Rainy,3318
20054,Store E,18,150,2114700,4500,117483,14098,11/23/2012,11,2012,Friday,69,226,600,1969,400,1312,13.13,1,41,Sunny,3771
20054,Store E,31,440,3826100,0,123423,8696,11/24/2012,11,2012,Saturday,69,226,600,1969,400,1312,13.18,1,42,Sunny,1783
20054,Store E,20,164,1682700,0,84135,10260,11/25/2012,11,2012,Sunday,69,226,600,1969,400,1312,13,1,44,Rainy,2713
20054,Store E,13,133,2219050,0,170696,16685,11/26/2012,11,2012,Monday,69,226,600,1969,400,1312,12.83,0,41,Snowy,2489
20054,Store E,12,143,970700,0,80892,6788,11/27/2012,11,2012,Tuesday,69,226,600,1969,400,1312,13.07,0,42,Sunny,2485
20054,Store E,22,282,1484950,18000,67498,5266,11/28/2012,11,2012,Wednesday,69,226,600,1969,400,1312,13.2,0,51,Rainy,2431
20054,Store E,16,225,1104700,0,69044,4910,11/29/2012,11,2012,Thursday,69,226,600,1969,400,1312,13.25,0,39,Sunny,2332
20054,Store E,21,214,1168900,0,55662,5462,11/30/2012,11,2012,Friday,69,226,600,1969,400,1312,13.19,0,42,Rainy,2129
20054,Store E,31,278,1980600,0,63890,7124,12/1/2012,12,2012,Saturday,69,226,600,1969,400,1312,13.12,0,35,Sunny,2587
20054,Store E,15,205,1167650,4500,77843,5696,12/2/2012,12,2012,Sunday,69,226,600,1969,400,1312,12.98,0,42,Cloudy,2534
20054,Store E,18,158,1947350,0,108186,12325,12/3/2012,12,2012,Monday,69,226,600,1969,400,1312,12.81,0,42,Snowy,2104
20054,Store E,13,163,1476000,0,113538,9055,12/4/2012,12,2012,Tuesday,69,226,600,1969,400,1312,13.02,0,32,Sunny,1684
20054,Store E,7,45,564900,0,80700,12553,12/5/2012,12,2012,Wednesday,69,226,600,1969,400,1312,13.2,0,32,Snowy,2534
20054,Store E,13,188,1580200,0,121554,8405,12/6/2012,12,2012,Thursday,69,226,600,1969,400,1312,13.16,0,26,Snowy,2546
20054,Store E,36,279,1304820,589580,36245,4677,12/7/2012,12,2012,Friday,69,226,600,1969,400,1312,13.13,0,28,Snowy,2440
20054,Store E,28,228,1757130,878870,62755,7707,12/8/2012,12,2012,Saturday,69,226,600,1969,400,1312,13.12,0,19,Sunny,2558
20054,Store E,24,272,1598280,491020,66595,5876,12/9/2012,12,2012,Sunday,69,226,600,1969,400,1312,13,0,17,Sunny,2478
20054,Store E,18,191,1077400,0,59856,5641,12/10/2012,12,2012,Monday,69,226,600,1969,400,1312,13.09,0,21,Sunny,1493
20054,Store E,14,59,753200,0,53800,12766,12/11/2012,12,2012,Tuesday,69,226,600,1969,400,1312,13.1,0,26,Sunny,1450
20054,Store E,9,148,714900,0,79433,4830,12/12/2012,12,2012,Wednesday,69,226,600,1969,400,1312,13.05,0,30,Sunny,18114
20054,Store E,23,294,1394800,0,60643,4744,12/13/2012,12,2012,Thursday,69,226,600,1969,400,1312,12.96,0,37,Sunny,1894
20054,Store E,17,169,1599200,0,94071,9463,12/14/2012,12,2012,Friday,69,226,600,1969,400,1312,12.85,0,37,Rainy,1937
20054,Store E,18,120,999500,4500,55528,8329,12/15/2012,12,2012,Saturday,69,226,600,1969,400,1312,12.83,0,44,Cloudy,2401
20054,Store E,26,359,2716700,0,104488,7567,12/16/2012,12,2012,Sunday,69,226,600,1969,400,1312,12.73,0,39,Cloudy,2533
20054,Store E,20,298,2293300,9000,114665,7696,12/17/2012,12,2012,Monday,69,226,600,1969,400,1312,12.52,0,37,Sunny,12119
20054,Store E,19,131,745300,0,39226,5689,12/18/2012,12,2012,Tuesday,69,226,600,1969,400,1312,12.65,0,24,Sunny,1593
20054,Store E,12,74,666500,0,55542,9007,12/19/2012,12,2012,Wednesday,69,226,600,1969,400,1312,12.76,0,24,Sunny,1572
20054,Store E,7,44,258300,0,36900,5870,12/20/2012,12,2012,Thursday,69,226,600,1969,400,1312,12.7,0,32,Sunny,1271
20054,Store E,12,137,1124100,0,93675,8205,12/21/2012,12,2012,Friday,69,226,600,1969,400,1312,12.74,0,32,Snowy,1611
20054,Store E,15,110,657300,0,43820,5975,12/22/2012,12,2012,Saturday,69,226,600,1969,400,1312,12.77,1,30,Cloudy,2257
20054,Store E,25,208,882200,0,35288,4241,12/23/2012,12,2012,Sunday,69,226,600,1969,400,1312,12.76,1,19,Sunny,1293
20054,Store E,20,153,1091000,0,54550,7131,12/24/2012,12,2012,Monday,69,226,600,1969,400,1312,12.76,1,21,Snowy,995
20054,Store E,20,90,673000,0,33650,7478,12/25/2012,12,2012,Tuesday,69,226,600,1969,400,1312,12.7,0,21,Snowy,1518
20054,Store E,10,68,1023300,0,102330,15049,12/26/2012,12,2012,Wednesday,69,226,600,1969,400,1312,12.65,0,17,Sunny,2930
20054,Store E,13,148,1329000,0,102231,8980,12/27/2012,12,2012,Thursday,69,226,600,1969,400,1312,12.61,0,28,Sunny,2007
20054,Store E,28,186,1577850,0,56352,8483,12/28/2012,12,2012,Friday,69,226,600,1969,400,1312,12.48,0,35,Snowy,1808
20054,Store E,24,140,1210600,0,50442,8647,12/29/2012,12,2012,Saturday,69,226,600,1969,400,1312,12.38,0,32,Snowy,2160
20054,Store E,23,206,2092800,18000,90991,10159,12/30/2012,12,2012,Sunday,69,226,600,1969,400,1312,12.41,0,32,Snowy,3015
20054,Store E,28,262,1738100,0,62075,6634,12/31/2012,12,2012,Monday,69,226,600,1969,400,1312,12.42,0,19,Sunny,2103
20054,Store E,29,205,1897100,0,65417,9254,1/1/2013,1,2013,Tuesday,69,226,600,1969,400,1312,12.29,0,32,Snowy,2054
20054,Store E,30,260,1916300,0,63877,7370,1/2/2013,1,2013,Wednesday,69,226,600,1969,400,1312,12.28,0,21,Sunny,3761
20054,Store E,20,286,1320200,0,66010,4616,1/3/2013,1,2013,Thursday,69,226,600,1969,400,1312,12.21,0,14,Sunny,3761
20054,Store E,28,218,1478300,4500,52796,6781,1/4/2013,1,2013,Friday,69,226,600,1969,400,1312,12.19,0,17,Sunny,2159
20054,Store E,30,334,2689100,0,89637,8051,1/5/2013,1,2013,Saturday,69,226,600,1969,400,1312,12.08,0,28,Snowy,1505
20054,Store E,18,142,914600,0,50811,6441,1/6/2013,1,2013,Sunday,69,226,600,1969,400,1312,11.9,0,24,Cloudy,1552
20054,Store E,16,142,959100,0,59944,6754,1/7/2013,1,2013,Monday,69,226,600,1969,400,1312,11.71,0,28,Cloudy,1097
20054,Store E,16,64,582600,0,36413,9103,1/8/2013,1,2013,Tuesday,69,226,600,1969,400,1312,11.96,0,28,Sunny,1019
20054,Store E,6,25,452800,0,75467,18112,1/9/2013,1,2013,Wednesday,69,226,600,1969,400,1312,12.15,0,17,Sunny,915
20054,Store E,12,166,762200,0,63517,4592,1/10/2013,1,2013,Thursday,69,226,600,1969,400,1312,12.12,0,23,Sunny,841
20054,Store E,9,87,617800,0,68644,7101,1/11/2013,1,2013,Friday,69,226,600,1969,400,1312,12.01,0,33,Cloudy,1103
20054,Store E,19,151,1313700,0,69142,8700,1/12/2013,1,2013,Saturday,69,226,600,1969,400,1312,11.85,1,39,Snowy,2301
20054,Store E,20,242,1298100,0,64905,5364,1/13/2013,1,2013,Sunday,69,226,600,1969,400,1312,11.7,1,32,Cloudy,1332
20054,Store E,17,90,899200,0,52894,9991,1/14/2013,1,2013,Monday,69,226,600,1969,400,1312,11.48,1,35,Cloudy,1490
20054,Store E,18,114,734200,0,40789,6440,1/15/2013,1,2013,Tuesday,69,226,600,1969,400,1312,11.66,0,35,Sunny,1522
20054,Store E,12,51,691700,0,57642,13563,1/16/2013,1,2013,Wednesday,69,226,600,1969,400,1312,11.87,0,32,Snowy,1409
20054,Store E,20,265,949670,359630,47484,3584,1/17/2013,1,2013,Thursday,69,226,600,1969,400,1312,11.97,0,24,Sunny,1442
20054,Store E,34,351,1417890,501710,41703,4040,1/18/2013,1,2013,Friday,69,226,600,1969,400,1312,11.88,0,32,Sunny,1717
20054,Store E,41,346,2158300,686700,52641,6238,1/19/2013,1,2013,Saturday,69,226,600,1969,400,1312,11.75,0,39,Sunny,2009
20054,Store E,32,287,1580890,546410,49403,5508,1/20/2013,1,2013,Sunday,69,226,600,1969,400,1312,11.66,0,39,Cloudy,2413
20054,Store E,18,290,780980,277020,43388,2693,1/21/2013,1,2013,Monday,69,226,600,1969,400,1312,11.53,0,39,Rainy,1877
20054,Store E,14,178,805954,0,57568,4528,1/22/2013,1,2013,Tuesday,69,226,600,1969,400,1312,11.74,0,41,Rainy,2085
20054,Store E,13,93,620400,0,47723,6671,1/23/2013,1,2013,Wednesday,69,226,600,1969,400,1312,11.93,0,37,Rainy,1798
20054,Store E,14,156,894300,0,63879,5733,1/24/2013,1,2013,Thursday,69,226,600,1969,400,1312,12.03,0,37,Snowy,1971
20054,Store E,21,131,1180500,0,56214,9011,1/25/2013,1,2013,Friday,69,226,600,1969,400,1312,11.94,0,21,Sunny,2719
20054,Store E,17,379,1323100,0,77829,3491,1/26/2013,1,2013,Saturday,69,226,600,1969,400,1312,11.82,0,21,Sunny,2638
20054,Store E,16,163,1249500,0,78094,7666,1/27/2013,1,2013,Sunday,69,226,600,1969,400,1312,11.69,0,24,Sunny,2467
20054,Store E,20,157,1123900,0,56195,7159,1/28/2013,1,2013,Monday,69,226,600,1969,400,1312,11.8,0,32,Cloudy,1859
20054,Store E,12,65,775500,9000,64625,11931,1/29/2013,1,2013,Tuesday,69,226,600,1969,400,1312,11.93,0,41,Snowy,1889
20054,Store E,13,114,767200,4200,59015,6730,1/30/2013,1,2013,Wednesday,69,226,600,1969,400,1312,11.96,0,48,Cloudy,1921
20054,Store E,17,273,1065200,0,62659,3902,1/31/2013,1,2013,Thursday,69,226,600,1969,400,1312,11.91,0,51,Sunny,1867
20054,Store E,12,119,727500,0,60625,6113,2/1/2013,2,2013,Friday,69,226,600,1969,400,1312,11.94,0,48,Rainy,1891
20054,Store E,10,58,1326800,0,132680,22876,2/2/2013,2,2013,Saturday,69,226,600,1969,400,1312,11.87,0,35,Sunny,2518
20054,Store E,18,125,1058200,0,58789,8466,2/3/2013,2,2013,Sunday,69,226,600,1969,400,1312,11.78,0,30,Snowy,3038
20054,Store E,16,201,1726700,9000,107919,8591,2/4/2013,2,2013,Monday,69,226,600,1969,400,1312,11.52,0,33,Snowy,3542
20054,Store E,18,89,701200,0,38956,7879,2/5/2013,2,2013,Tuesday,69,226,600,1969,400,1312,11.71,0,35,Snowy,
20054,Store E,13,123,1319700,0,101515,10729,2/6/2013,2,2013,Wednesday,69,226,600,1969,400,1312,11.7,0,33,Snowy,
20054,Store E,8,83,586400,0,73300,7065,2/7/2013,2,2013,Thursday,69,226,600,1969,400,1312,11.61,0,28,Sunny,
20054,Store E,8,63,568900,0,71113,9030,2/8/2013,2,2013,Friday,69,226,600,1969,400,1312,11.63,0,15,Sunny,
20054,Store E,15,168,1218500,0,81233,7253,2/9/2013,2,2013,Saturday,69,226,600,1969,400,1312,11.75,1,28,Sunny,
20054,Store E,25,400,1998000,4500,79920,4995,2/10/2013,2,2013,Sunday,69,226,600,1969,400,1312,11.74,1,28,Snowy,
20054,Store E,23,145,1810400,13800,78713,12486,2/11/2013,2,2013,Monday,69,226,600,1969,400,1312,11.63,1,26,cloudy,
20054,Store E,14,59,712700,0,50907,12080,2/12/2013,2,2013,Tuesday,69,226,600,1969,400,1312,11.73,0,28,cloudy,
20054,Store E,11,96,387800,0,35255,4040,2/13/2013,2,2013,Wednesday,69,226,600,1969,400,1312,11.62,0,35,cloudy,
20054,Store E,29,462,1393600,541900,48055,3016,2/14/2013,2,2013,Thursday,69,226,600,1969,400,1312,11.63,0,41,cloudy,
20054,Store E,25,488,1954550,763950,78182,4005,2/15/2013,2,2013,Friday,69,226,600,1969,400,1312,11.61,0,32,cloudy,
20054,Store E,23,267,1160460,447340,50455,4346,2/16/2013,2,2013,Saturday,69,226,600,1969,400,1312,11.6,0,33,Sunny,
20054,Store E,30,621,2671550,914850,89052,4302,2/17/2013,2,2013,Sunday,69,226,600,1969,400,1312,11.48,0,42,cloudy,
20054,Store E,34,445,1611340,556360,47392,3621,2/18/2013,2,2013,Monday,69,226,600,1969,400,1312,11.25,0,35,cloudy,
20054,Store E,18,85,854700,0,47483,10055,2/19/2013,2,2013,Tuesday,69,226,600,1969,400,1312,11.46,0,32,Sunny,
20054,Store E,16,100,723900,0,45244,7239,2/20/2013,2,2013,Wednesday,69,226,600,1969,400,1312,11.53,0,30,Sunny,
20054,Store E,15,235,1743500,0,116233,7419,2/21/2013,2,2013,Thursday,69,226,600,1969,400,1312,11.52,0,35,Sunny,
20054,Store E,13,159,1227500,0,94423,7720,2/22/2013,2,2013,Friday,69,226,600,1969,400,1312,11.62,0,39,Snowy,
20054,Store E,31,227,1371900,0,44255,6044,2/23/2013,2,2013,Saturday,69,226,600,1969,400,1312,11.63,0,35,Sunny,
20054,Store E,22,121,1808300,20700,82195,14945,2/24/2013,2,2013,Sunday,69,226,600,1969,400,1312,11.5,0,41,Sunny,
20054,Store E,23,165,1218600,0,52983,7385,2/25/2013,2,2013,Monday,69,226,600,1969,400,1312,11.33,0,44,cloudy,
20054,Store E,17,88,941500,0,55382,10699,2/26/2013,2,2013,Tuesday,69,226,600,1969,400,1312,11.47,0,46,Rainy,
20054,Store E,19,156,1132700,0,59616,7261,2/27/2013,2,2013,Wednesday,69,226,600,1969,400,1312,11.82,0,44,Cloudy,
20054,Store E,17,75,592600,0,34859,7901,2/28/2013,2,2013,Thursday,69,226,600,1969,400,1312,11.81,0,55,Rainy,
20054,Store E,21,222,1166200,0,55533,5253,3/1/2013,3,2013,Friday,69,226,600,1969,400,1312,11.72,0,44,Rainy,
20054,Store E,17,161,1119500,0,65853,6953,3/2/2013,3,2013,Saturday,69,226,600,1969,400,1312,11.66,0,35,Sunny,
20054,Store E,14,72,816400,0,58314,11339,3/3/2013,3,2013,Sunday,69,226,600,1969,400,1312,11.57,0,39,Sunny,
20054,Store E,11,278,1907400,6900,173400,6861,3/4/2013,3,2013,Monday,69,226,600,1969,400,1312,11.33,0,46,Sunny,
20054,Store E,14,89,1075400,0,76814,12083,3/5/2013,3,2013,Tuesday,69,226,600,1969,400,1312,11.54,0,46,Sunny,
20054,Store E,11,150,1221700,0,111064,8145,3/6/2013,3,2013,Wednesday,69,226,600,1969,400,1312,11.64,0,57,Sunny,
20054,Store E,13,86,1861700,0,143208,21648,3/7/2013,3,2013,Thursday,69,226,600,1969,400,1312,11.59,0,51,Rainy,
20054,Store E,22,237,1581700,6900,71895,6674,3/8/2013,3,2013,Friday,69,226,600,1969,400,1312,11.52,0,55,Cloudy,
20054,Store E,19,298,1994300,4500,104963,6692,3/9/2013,3,2013,Saturday,69,226,600,1969,400,1312,11.4,0,71,Cloudy,
20054,Store E,21,176,1669700,6900,79510,9487,3/10/2013,3,2013,Sunday,69,226,600,1969,400,1312,11.34,0,44,Sunny,
20054,Store E,13,176,1845100,4500,141931,10484,3/11/2013,3,2013,Monday,69,226,600,1969,400,1312,11.21,0,50,Sunny,
20054,Store E,17,191,951400,0,55965,4981,3/12/2013,3,2013,Tuesday,69,226,600,1969,400,1312,11.37,0,53,Rainy,
20054,Store E,19,139,1079100,0,56795,7763,3/13/2013,3,2013,Wednesday,69,226,600,1969,400,1312,11.37,0,46,Rainy,
20054,Store E,13,241,1405120,461280,108086,5830,3/14/2013,3,2013,Thursday,69,226,600,1969,400,1312,11.43,0,46,Sunny,
20054,Store E,31,336,3201840,902060,103285,9529,3/15/2013,3,2013,Friday,69,226,600,1969,400,1312,11.49,0,48,Sunny,
20054,Store E,37,961,3611280,1129520,97602,3758,3/16/2013,3,2013,Saturday,69,226,600,1969,400,1312,11.56,0,51,Sunny,
